1598 2809
47 60 69 102 46
251 61 303 97 THE
315 61 403 99 CELTIC
415 61 519 99 GOSPELS
553 59 723 110 [Mnur.xrrr.44-
758 31 760 38 y

159 141 177 180 le
186 147 213 180 est
222 154 301 192 regnum
310 142 403 181 caelorum
414 143 502 181 thesauro
510 143 535 181 ab

160 206 245 245 scondito
255 207 320 257 inagro
329 220 385 258 quem
395 208 426 257 qui
435 207 508 247 inuenit
516 208 574 246 homo

161 270 261 308 abscondit
269 277 288 308 et
296 271 410 321 praegaudio
419 270 467 308 illius
476 271 529 309 uadit

162 338 181 371 et
190 334 254 372 uendit
263 335 350 373 uniuersa
358 346 406 384 quae
414 333 472 373 habet
481 339 500 373 et
509 333 555 373 emit

162 409 227 448 agrum
237 398 290 437 illum
298 396 313 420 4⁵
321 398 391 436 lterum
401 398 461 436 simile
470 404 498 436 est
506 410 584 448 regnum

163 460 257 500 caelorum
267 462 338 502 homini
346 463 458 513 negotiatori
470 462 555 512 querenti

162 527 223 564 bonas
232 527 341 577 margaritas
349 525 364 549 4⁶
370 528 445 565 inuenta
454 532 517 565 autem
526 538 563 564 una

164 590 258 639 praetiosa
268 597 374 640 margareta
382 591 428 629 abiit
436 597 456 629 et
465 590 549 629 uendidit

163 653 226 691 omnia
235 666 283 703 quae
292 655 357 692 habuit
366 660 385 692 et
394 655 440 692 emit
448 667 489 693 eam
497 652 513 676 ‘¹⁷
519 653 590 692 Iterum

141 761 143 764 y
165 716 225 755 simile
233 723 261 755 est
270 729 349 767 regnum
358 717 452 756 caelorum
461 718 536 768 saginae

165 780 223 819 misae
232 779 303 818 inmare
312 787 331 819 et
340 781 486 833 exomnigenere
494 793 599 832 congregan

166 845 180 881 ti
189 843 266 893 48quam
276 857 319 883 cum
328 844 399 896 inpleta
408 852 459 885 esset
467 846 568 884 educentes
578 851 597 884 et

166 920 218 947 secus
228 908 272 947 litus
280 910 367 948 sedentes
375 909 472 960 elegerunt
481 910 506 949 bo
527 910 581 948 nosin

167 984 220 1011 uassa
230 971 289 1010 malos
297 979 361 1010 autem
370 973 419 1010 foras
427 974 526 1010 misserunt

167 1032 183 1057 4⁹
190 1034 216 1073 sic
225 1034 259 1073 erit
269 1034 450 1074 inconsummatione
459 1036 527 1074 saeculi
537 1035 594 1074 exibu
708 1035 730 1070 62

168 1103 188 1136 nt
196 1097 258 1150 angeli
268 1104 287 1137 et
296 1099 409 1151 separabunt
420 1100 480 1139 malos
489 1099 576 1139 demedio

169 1164 259 1202 iustorum
269 1162 284 1185 ⁵⁰
290 1169 309 1201 et
318 1164 394 1202 mittent
403 1175 435 1202 eos
444 1163 585 1202 incaminunum

169 1227 217 1278 ignis
225 1226 251 1264 ibi
259 1227 293 1264 erit
302 1227 357 1265 fletus
366 1233 386 1265 et
394 1227 463 1265 stridor
472 1227 557 1266 dentium
565 1225 580 1248 51
587 1226 605 1264 in

169 1290 269 1328 tellexistis
278 1290 324 1328 haee
333 1291 396 1328 omnia
405 1291 470 1329 dicunt
478 1291 495 1328 ei
504 1291 561 1329 etiam
570 1288 585 1313 ⁵²
592 1290 618 1329 ait

170 1352 206 1391 illis
214 1352 257 1392 ideo
267 1355 327 1392 omnis
336 1354 387 1393 sciba
396 1355 463 1392 doctus
471 1354 549 1404 inregno
558 1365 590 1391 eae

171 1416 233 1456 lorum
242 1416 307 1456 similis
316 1424 344 1457 est
353 1418 404 1457 omni
412 1418 461 1468 patri
469 1418 549 1457 familias

171 1482 202 1533 qui
211 1481 281 1534 profert
290 1483 388 1522 detesauro
396 1496 431 1522 suo
439 1496 489 1522 noua
497 1490 516 1522 et
524 1489 568 1522 uete

172 1559 192 1585 ra
201 1546 241 1585 ⁵³et
251 1546 320 1585 factum
330 1552 358 1585 est
367 1559 410 1585 curn
419 1553 567 1586 consummasset
577 1547 592 1585 is

171 1617 200 1650 tas
208 1611 282 1650 transiit
291 1611 335 1650 inde
344 1610 359 1633 ⁵4
366 1612 393 1651 Et
401 1611 477 1650 ueniens
487 1612 568 1662 lupatria

171 1687 224 1713 suam
233 1675 314 1713 docebat
323 1688 354 1714 eos
363 1675 477 1725 insinagogis
485 1688 549 1714 eorum
559 1676 585 1714 ita

173 1744 194 1777 ut
203 1739 314 1777 mirarentur
323 1744 341 1777 et
350 1740 422 1777 dicernt
431 1740 480 1777 unde
489 1739 532 1777 huic
541 1752 563 1778 sa

174 1802 245 1851 pientia
253 1802 300 1840 haec
308 1809 327 1841 et
336 1803 415 1841 uirtutes
425 1801 440 1824 ⁵⁵
446 1815 508 1840 nonne
515 1803 546 1839 hie
555 1808 585 1840 est

174 1864 221 1902 fabri
231 1863 280 1903 filius
289 1873 308 1904 et
317 1872 377 1905 mater
384 1867 423 1906 eius
432 1867 500 1906 dicitur
510 1865 569 1905 maria

176 1935 194 1968 et
203 1929 267 1969 fratres
277 1930 316 1968 eius
325 1930 400 1970 lacobus
409 1937 428 1969 et
437 1931 502 1981 ioseph
511 1936 530 1970 et
539 1944 593 1969 smou

176 1999 195 2031 et
204 1994 257 2032 iudas
266 1993 281 2016 ⁵⁰
288 2000 306 2032 et
315 2006 387 2033 sorores
394 1994 433 2033 eius
442 2007 502 2047 nonne
511 2006 577 2034 omnes
586 2007 597 2032 a

84 2116 101 2146 45
111 2108 173 2148 querenti
180 2108 191 2137 (l
196 2111 234 2147 qgat
240 2107 253 2136 R
258 2107 277 2136 W
283 2107 305 2137 for
311 2108 388 2146 quaerenti.
443 2118 484 2138 nassa
493 2119 507 2146 aq
516 2109 540 2137 her
548 2109 565 2137 Ξ)
571 2113 595 2147 gat
602 2108 616 2136 D
621 2108 634 2136 E
639 2108 669 2145 QR
676 2107 697 2135 for
703 2116 741 2136 uasa.

84 2156 102 2194 46
111 2156 182 2195 praetiosa
197 2155 206 2184 b
213 2155 232 2196 ff
241 2155 266 2185 her
282 2155 305 2185 ior
324 2156 390 2194 pretiosa.
443 2155 741 2194 misseruntrqherffgatDformisemut.

66 2208 144 2243 margareta
149 2203 179 2233 dim
185 2203 211 2233 her
217 2205 238 2234 for
244 2204 325 2242 margarita.
438 2214 456 2243 49
465 2205 548 2243 seperabunt
555 2215 569 2243 ν2
576 2204 598 2233 for
604 2203 693 2243 separabunt

84 2259 101 2292 47
112 2253 169 2291 saginae
180 2253 191 2282 cl
202 2252 227 2282 her
239 2252 255 2281 'tl’
268 2251 287 2280 ld
300 2257 324 2291 gat
338 2253 352 2281 D
369 2253 391 2281 for
438 2260 456 2289 50
465 2251 665 2283 caminnnumforeaminnm.

66 2310 129 2340 sagenae.
158 2301 202 2331 misae
209 2300 286 2330 ERonr
292 2301 348 2330 missae.
439 2309 456 2338 5²
466 2301 505 2330 selba
515 2301 543 2340 slip
554 2300 577 2329 for
587 2300 635 2329 scriba¹
671 2301 709 2330 omni
722 2301 744 2330 for

85 2350 103 2387 48
112 2348 211 2389 inplelacdf
214 2348 393 2388 herandgaconr
420 2348 479 2378 lrorniui.
511 2353 566 2379 tesauro
583 2347 599 2388 (a
614 2349 685 2388 tensauro)
701 2353 707 2379 t
722 2350 744 2380 for

67 2397 130 2436 impleta.
159 2397 319 2432 Thereisastabhere
329 2398 392 2427 between
420 2396 490 2426 thesauro.
630 2406 632 2411 ’

67 2446 86 2475 bo
95 2446 123 2475 and
131 2455 161 2483 nos,
170 2446 192 2475 for
201 2446 251 2481 bonos,
262 2445 289 2475 and
298 2446 312 2476 in
322 2445 350 2476 this
358 2445 392 2475 lrole
439 2453 457 2483 53
470 2444 508 2474 —ilrs
515 2444 591 2484 parabolas
598 2454 605 2473 a
611 2444 659 2476 before
665 2445 703 2477 israe,

68 2493 92 2523 the
99 2493 142 2524 deer's
148 2494 179 2524 hair
186 2493 222 2524 from
229 2494 253 2524 the
260 2494 320 2532 original
328 2494 359 2524 slrin
366 2504 392 2524 ean
441 2501 458 2531 54
467 2494 539 2531 sinagogis
549 2503 562 2529 aq
572 2494 588 2521 'd'
597 2498 622 2531 gat
631 2494 651 2522 ΝΤ
660 2494 714 2524 RWO
724 2495 746 2524 for

69 2541 99 2570 still
107 2541 125 2570 be
131 2551 167 2571 seen.
188 2542 227 2572 Even
234 2541 258 2571 the
266 2543 339 2580 photostat
346 2542 393 2571 shows
421 2541 501 2580 synagogis.
530 2540 684 2573 dieerntfordioerent.

68 2589 92 2619 the
101 2589 148 2619 meulrs
157 2589 202 2620 where
211 2591 235 2620 the
244 2589 275 2619 hair
281 2590 294 2620 is
301 2592 317 2619 in
324 2591 348 2621 the
356 2592 392 2621 stab,
441 2598 458 2630 55
469 2594 482 2619 et
489 2594 535 2619 mater
541 2589 566 2619 ber
575 2593 600 2628 gat
610 2590 631 2619 for
641 2600 687 2621 norme
696 2595 746 2623 mater

69 2648 78 2667 a
88 2638 139 2677 andg1
149 2639 182 2668 read
192 2639 254 2678 optimos
265 2639 288 2668 for
298 2640 343 2668 bonos
354 2640 392 2669 lrere.
450 2648 490 2668 smon
497 2638 525 2677 slip
532 2637 554 2667 for
560 2638 610 2668 simon.
