1598 2809
28 54 103 91 ,null
112 60 134 86 v1.
145 48 174 99 38]
231 51 283 87 run
295 51 384 89 ennrrc
396 53 499 91 odorans
519 66 521 68 ·
671 35 713 104 137?

124 132 182 171 seodo
192 131 269 181 profetis
278 137 341 182 patres
350 144 414 171 eorum
423 132 438 156 ²⁷
445 136 478 173 sed
487 136 530 174 dico
540 149 564 175 uo

124 195 152 234 bis
162 196 194 246 qui
203 196 272 234 auditis
281 196 363 248 Dilegite
373 197 459 237 inimicos
467 206 538 238 uestros

125 258 228 297 benefacite
237 259 265 296 his
273 259 306 308 qui
315 272 349 298 uos
359 260 453 299 hoderunt
462 260 477 282 ²³
486 263 553 301 benedi

125 322 161 359 cite
170 321 323 360 maledicentibus
332 323 386 374 uobis
395 330 447 361 orate
456 338 512 375 proca

124 386 257 425 lumnientibus
266 385 281 409 2⁹
287 387 310 425 Ei
319 388 351 436 qui
361 392 379 425 te
388 389 469 436 percutit
477 389 497 426 in
506 402 551 427 max

67 458 68 461 ’
125 454 176 493 illam
186 455 255 504 praebe
265 462 283 493 et
292 455 371 494 alteram
381 462 400 494 et
409 457 457 495 abeo
466 457 497 507 qui
506 457 566 496 aufert

125 518 159 555 tibi
168 518 301 556 uestimentum
310 520 367 557 etiam
377 520 459 557 tonicam
469 519 513 557 nolii

125 593 159 629 pro
168 582 232 620 hibere
241 581 256 603 ³⁰
263 581 319 621 Omni
328 589 391 621 autern
401 584 471 632 petenti
481 589 499 621 te
508 585 531 623 tri

124 644 161 684 bue
170 651 189 683 et
197 646 229 694 qui
238 644 299 684 aufert
307 658 356 695 quae
364 652 397 684 tua
406 653 449 686 sunt
458 660 481 685 ne
490 653 563 698 repetas

124 707 138 730 ³¹
144 708 171 747 Et
179 716 234 759 prout
243 710 300 748 uultis
309 709 399 749 utfaciant
408 710 461 749 uobis
471 712 555 750 homines

125 778 144 811 et
153 786 186 811 uos
196 772 250 812 facite
260 773 295 813 illis
304 773 390 813 similiter
399 773 414 796 ³²
421 774 447 814 Et
456 775 554 827 sidilegitis

125 850 156 875 eos
165 839 197 887 qui
206 852 239 876 uos
248 838 333 888 dilegunt
342 852 389 889 quae
398 840 451 878 uobis
461 848 478 881 ÷
487 841 546 889 gratia

125 901 176 939 Nam
185 906 203 939 et
211 908 318 953 peccatores
327 901 425 952 diligentes
434 916 453 941 se
462 903 546 954 dilegunt
554 902 569 926 ³³
577 904 603 942 Et

124 965 140 1001 si
149 965 272 1003 beneficeritis
281 966 310 1002 his
318 967 350 1016 qui
359 967 413 1003 uobis
422 966 540 1005 benefaciunt

93 1028 95 1030 ’
124 1039 172 1076 quae
182 1028 235 1065 uobis
244 1033 273 1065 est
281 1029 342 1077 gratia
350 1029 366 1066 si
375 1029 451 1078 quidem
460 1035 479 1066 et
488 1036 566 1078 peccato

124 1104 153 1129 res
161 1092 197 1130 hoc
205 1090 275 1131 faciunt
284 1090 299 1114 ³4
308 1092 334 1131 Et
343 1092 357 1130 si
367 1099 439 1131 motum
448 1092 537 1131 dederitis
546 1093 585 1132 acci

124 1168 167 1204 pere
176 1169 224 1205 quae
233 1156 286 1195 uobis
294 1162 322 1194 est
330 1157 391 1207 gratia
400 1170 443 1195 narn
453 1163 471 1195 et
481 1163 558 1206 peccato

124 1231 153 1255 res
162 1220 290 1268 peccatoribus
300 1220 406 1258 fenerantur
414 1221 526 1269 ntrecipiant

80 1273 97 1326 †
123 1283 214 1332 aequalia.
240 1282 255 1305 ³⁵
263 1283 335 1323 Uerum
344 1289 407 1323 tamen
416 1283 494 1334 dilegite
502 1284 586 1324 inimicos

124 1354 196 1385 uestros
205 1353 223 1385 et
232 1347 337 1386 benefacite
346 1353 364 1385 et
374 1353 447 1386 motum
456 1345 500 1385 date
508 1347 554 1386 nihil

123 1415 219 1460 sperantes
228 1418 247 1450 et
257 1412 292 1450 erit
300 1411 367 1450 rnercis
376 1417 438 1450 uestra
446 1411 505 1450 multa

125 1480 144 1512 et
153 1475 203 1513 eritis
213 1475 245 1513 filii
255 1474 340 1514 altissimi
349 1477 393 1525 quia
402 1476 441 1526 ipse
450 1476 541 1526 benignus

123 1545 151 1576 est
160 1553 214 1589 super
225 1542 307 1589 ingratos
316 1547 335 1578 et
344 1539 403 1577 malos
412 1538 427 1561 ³⁶
435 1540 503 1578 Estote
511 1552 556 1588 ergo

124 1602 252 1642 misericordes
261 1603 308 1643 sicut
317 1608 371 1653 pater
380 1607 441 1641 uester
450 1603 520 1641 misseri

124 1679 165 1704 cors
174 1672 208 1705 est.
234 1665 248 1689 ³⁷
255 1666 320 1705 Nolite
329 1666 410 1704 iudicare
419 1671 477 1703 utnon
486 1664 548 1704 iudica

124 1729 193 1768 bemini
202 1730 261 1768 nolite
270 1730 407 1779 condempnare
417 1734 511 1768 utnoncon
550 1733 552 1736 ’

124 1793 276 1845 dempnabemini
286 1792 376 1833 dimittite
385 1798 404 1831 et
414 1792 535 1831 dimittemini

123 1856 138 1879 ³⁸
144 1859 206 1896 Darae
215 1865 234 1895 et
242 1858 316 1896 dabitur
324 1857 378 1894 uobis
387 1869 492 1894 mensuram
501 1858 570 1894 bonam

45 1963 62 1994 26
68 1964 348 2006 seodoprofetisQforpsendoprophetis.
405 1965 484 1995 fenerantur
499 1965 578 2004 rf‘el'mgt)
583 1965 591 1994 1
597 1965 634 1994 ΚΜ
640 1965 653 1995 O
660 1964 674 1993 T
681 1966 700 1995 W

45 2019 61 2051 27
71 2013 85 2042 d.
92 2024 107 2044 u.
114 2014 155 2043 forr.
163 2014 178 2043 d.
207 2012 348 2052 DileglteprpD'cP
378 2012 536 2043 XZforfoenernntur.

27 2058 47 2090 for
56 2062 120 2101 Diligite,
149 2072 174 2092 uos
184 2061 253 2093 boderunt
263 2062 298 2092 Ord¹
306 2060 349 2099 rallO
396 2070 413 2100 55
424 2060 482 2100 dilegite
489 2071 503 2098 r2
509 2061 524 2090 D
530 2061 552 2089 for
559 2060 618 2100 diligite.
646 2065 700 2091 uestros

26 2107 148 2141 foroderuntros.
381 2114 415 2140 ÷et¹
446 2115 501 2139 motum
513 2109 535 2139 for
548 2114 615 2139 mutuum.
651 2110 700 2140 —inde

45 2158 62 2186 at
74 2163 103 2188 -et
113 2158 161 2188 before
170 2163 209 2187 orate
218 2158 263 2187 abde
262 2158 277 2197 j
274 2159 292 2196 ff
296 2168 305 2197 q
311 2162 350 2197 agat
376 2157 425 2186 before
431 2161 502 2196 sperantes
509 2166 528 2195 νΖ.
558 2157 608 2186 mercis
615 2157 699 2187 formerees.

26 2202 55 2236 VO.
83 2206 200 2236 calumnientibus
207 2216 221 2244 r2
231 2206 252 2236 for
262 2206 349 2236 calumnian-
396 2205 414 2242 36
426 2209 456 2234 —et
463 2204 499 2233 after
508 2205 544 2233 sicut
553 2203 637 2243 dgarDff.
667 2205 700 2235 mis-

26 2250 66 2283 tibus.
98 2263 143 2284 -vos
377 2252 435 2282 sericors
442 2252 459 2291 (d
464 2251 544 2290 beniuolus)
549 2251 563 2280 D
569 2261 583 2291 7'2
589 2251 700 2283 formiserieors.

44 2310 62 2340 ²9
71 2301 132 2333 tonicam
147 2302 223 2341 r2pgatD
239 2302 261 2332 for
282 2301 349 2332 tunicam.
395 2305 413 2338 37
424 2303 439 2329 ut
452 2298 597 2338 odffr2DffmgQ
610 2298 632 2329 for
644 2305 662 2330 et.

52 2349 88 2380 nolii
94 2360 108 2388 η
115 2351 136 2380 for
143 2351 178 2381 noli.
376 2346 475 2377 indicabemini
484 2345 500 2375 ff
506 2346 528 2376 for
534 2346 636 2376 iudicabimlni.
666 2357 700 2378 eon·

44 2398 134 2438 andilegitis
146 2400 176 2436 pD
189 2398 285 2437 fordiligitis.
314 2398 349 2428 dile·
377 2395 481 2435 dempnarefor
489 2395 587 2425 condemnare.
616 2401 701 2426 utnoneon·

26 2448 59 2480 gunt
66 2445 119 2486 (twice)
126 2456 153 2483 pr„
159 2447 172 2475 D
177 2446 193 2474 ff
199 2447 220 2475 for
226 2446 292 2484 diligunt.
377 2443 491 2482 dempnabemini
497 2444 514 2472 'ct'
518 2454 528 2480 μ
535 2443 556 2472 for
562 2448 576 2473 et
582 2453 611 2473 non
616 2444 700 2475 condemna·

44 2500 61 2529 33
71 2493 163 2525 beneficeritis
169 2505 180 2532 μ
186 2494 208 2523 for
214 2493 315 2524 benefeceritis
376 2492 431 2522 bimini.

44 2549 61 2579 34
70 2546 125 2572 motum
130 2544 243 2580 rpformutuum.
259 2542 296 2571 -his
303 2542 347 2580 aqui·
396 2540 413 2578 38
423 2540 469 2569 Datae
475 2538 497 2568 for
502 2538 543 2569 dates
570 2542 600 2569 -et
606 2539 642 2570 after
649 2540 701 2572 bonam

25 2586 117 2628 bussperatis.
134 2581 296 2630 accipereforrecipere.
313 2598 348 2627 quae
376 2586 518 2628 afffqrpgatVO.

26 2636 65 2666 uobis
71 2642 92 2668 est
97 2639 144 2677 gratia
151 2638 173 2669 for
179 2647 215 2677 quac
221 2638 266 2677 gratia
274 2642 295 2668 est
303 2638 348 2667 vobis.
