1598 2809
31 31 187 83 —Mttt.}t1x.9]
233 33 286 70 THE
298 34 386 71 CELTIC
398 34 501 72 GOSPELS
580 52 582 54 ·
640 28 642 31 ’
684 36 705 81 63

140 128 185 154 suus
193 119 212 154 et
221 115 247 154 ait
256 114 283 153 illi
291 128 345 153 serue
354 127 435 165 nequam
444 128 499 154 omne
508 117 552 156 debi

142 182 183 217 tum
192 178 289 217 dimisitibi
298 178 387 228 quoniam
396 178 466 228 rogasti
475 190 505 218 me

141 240 223 281 33ηοηηε
232 255 276 293 ergo
286 242 369 293 oportuit
378 247 397 280 et
405 248 424 282 te
433 241 524 281 missereri
533 256 568 282 con

141 305 190 345 serui
197 300 228 344 'tui
237 305 285 345 sicut
295 311 314 344 et
324 317 360 356 ego
369 306 396 345 tui
405 306 491 345 misertus
499 318 541 345 sum
550 305 566 329 ³4
572 311 591 346 et

142 369 200 409 iratus
208 371 244 409 diis
253 370 292 409 eius
301 369 378 410 tradidit
387 382 429 408 eum
438 370 524 409 tortorib:

142 446 181 483 quo
189 434 272 483 adusque
280 433 367 472 redderet
376 434 481 472 uniuersum
490 435 514 472 de

142 497 204 535 bitum
213 496 228 519 ³⁵
235 498 261 534 sic
270 503 289 535 et
297 502 352 547 pater
360 509 413 536 meus
421 497 506 535 caelestis
515 496 570 536 faciet

143 560 197 600 uobis
204 560 220 599 si
229 560 373 600 nouremiseritis
382 559 478 610 unusquis
487 572 523 610 que

143 622 195 663 fratri
204 636 238 663 suo
247 623 360 663 decordibus
369 624 434 663 uestris
465 622 478 676 s
482 636 543 663 sermo

145 686 184 727 lEt
193 688 263 727 sactum
272 694 301 727 est
309 700 352 727 cum
361 695 510 728 consummasset
518 688 548 727 ihs

143 764 176 792 nes
185 753 231 791 istos
240 752 328 803 migrauit
336 752 415 803 agalilea
423 758 442 792 et
451 753 503 792 uenit
511 753 530 792 in

143 814 190 854 fines
199 815 265 855 iudeae
274 821 325 854 trans
334 815 423 855 iordaneu
431 814 463 854 2et
471 828 517 866 sequ

143 884 219 919 taesunt
228 891 271 918 eum
279 880 346 919 turbae
355 879 425 919 multoe
435 885 454 918 et
463 891 507 919 cura

142 943 170 982 uit
179 956 211 982 eos
219 943 245 982 tui
253 941 284 982 3et
293 949 409 983 accesserunt
418 944 485 983 adeum
494 943 512 983 sa

144 1007 197 1046 rissei
205 1012 320 1059 temptantes
328 1020 371 1047 eum
380 1014 398 1046 et
409 1008 491 1047 diceutes
499 1006 560 1047 silicet

144 1071 215 1110 homini
224 1071 318 1111 dimittere
326 1084 405 1111 uxorem
414 1084 468 1110 suam
477 1085 515 1122 qua

144 1147 187 1173 cum
196 1147 233 1184 que
242 1147 323 1173 excausa
331 1133 339 1155 4
346 1136 378 1185 qui
386 1136 502 1184 respondens
510 1134 537 1173 ait

144 1198 171 1236 eis
179 1197 288 1248 conlegistis
297 1198 340 1248 quia
349 1198 381 1248 qui
390 1197 434 1236 fecit
443 1197 520 1237 abinitio

146 1260 249 1301 masculum
258 1267 277 1300 et
285 1262 373 1300 seminam
383 1260 427 1299 iecit
437 1261 483 1300 eos5
492 1268 513 1299 et
521 1261 570 1300 dixit

145 1331 222 1377 propter
230 1326 266 1364 hoc
275 1325 362 1365 demittet
370 1325 428 1364 homo
437 1330 509 1376 patrem
518 1331 538 1365 et

145 1396 225 1438 matrem
235 1395 254 1429 et
262 1389 359 1428 adherebit
369 1391 423 1428 uxori
431 1402 476 1428 suae
485 1394 504 1428 et
513 1395 566 1429 erunt

102 1493 104 1497 ,
145 1453 183 1492 duo
192 1453 279 1492 insamae
287 1466 323 1492 uua
332 1452 409 1503 6itaque
418 1453 475 1492 etiam
484 1460 541 1493 nonst

147 1517 185 1556 duo
193 1517 265 1556 seduna
274 1529 318 1556 caro
328 1516 379 1567 quod
388 1529 433 1567 ergo
442 1516 465 1555 ds
473 1515 541 1555 coniun

145 1579 174 1620 xit
182 1579 240 1620 homo
249 1586 360 1632 nonseparet
369 1579 446 1619 ⁷dicunt
455 1579 481 1619 illi
490 1580 535 1630 quid

145 1657 190 1697 crgo
199 1646 267 1685 moises
278 1646 375 1685 mandauit
383 1645 423 1684 dari
432 1644 509 1684 libelum
517 1657 537 1684 re

146 1710 199 1759 pudii
208 1715 227 1748 et
236 1710 334 1749 demittere
343 1707 384 1748 ⁸ait
392 1708 429 1747 iliis
439 1710 528 1758 quoniam

145 1775 220 1823 moyses
229 1774 343 1813 adduritiam
352 1772 412 1812 cordis
421 1773 478 1811 uestri
486 1785 520 1822 per

146 1836 204 1875 mittit
213 1837 267 1876 uobis
276 1837 376 1875 demittere
385 1849 455 1874 uxores
464 1842 536 1875 uestros

86 1925 89 1933 t
146 1900 224 1943 abinitio
233 1907 297 1940 autem
305 1901 369 1939 nonsic
377 1899 412 1938 fuit
443 1899 505 1940 ⁹Dico
514 1906 557 1940 aute

145 1964 199 2004 uobis
207 1965 251 2015 quia
259 1964 292 2015 qui
300 1976 343 2004 cum
351 1975 388 2014 que
396 1962 488 2002 dimiserit
496 1976 535 2003 uxo

147 2040 186 2066 rem
195 2032 248 2067 suam
257 2028 292 2066 nisi
301 2027 468 2066 obsornicationem
477 2028 529 2066 etha

55 2090 330 2130 33nouueE‘u0ngTWiornou.
387 2089 413 2121 bit.
442 2090 573 2122 camacforcarue.

37 2137 105 2168 missereri
111 2139 145 2169 with
152 2140 176 2169 her
182 2140 204 2170 ior
210 2140 277 2170 misereri.
407 2139 416 2168 6
426 2139 471 2169 etiam
477 2139 540 2170 soriam.
569 2139 669 2170 nonstforuou
674 2143 712 2170 suut.

56 2193 73 2224 34
83 2188 148 2218 tortosib:
158 2192 182 2227 gat
188 2189 210 2219 ior
216 2188 298 2219 tortoribus.
408 2192 415 2226 7
426 2187 478 2217 moises
484 2188 518 2217 with
525 2187 562 2218 TW
569 2188 591 2218 for
597 2196 648 2218 moses.
675 2188 712 2218 libe·

55 2234 91 2264 XIX
101 2244 108 2264 1
118 2236 276 2275 galileawithltrdim
282 2236 307 2267 her
312 2237 359 2275 gat?
387 2234 417 2264 lum
427 2235 496 2274 (abdhq
505 2237 533 2266 aud
543 2236 572 2266 lam
582 2236 638 2271 librum,
645 2246 660 2265 m
668 2236 711 2275 liber)

38 2279 195 2315 Euwcoouror
208 2284 274 2324 galilaea.
309 2285 359 2315 iudeae
387 2282 490 2314 iorlihellum.
519 2283 593 2314 demittere
605 2283 640 2314 with
652 2284 677 2315 her
689 2284 712 2315 fot

37 2329 71 2360 with
77 2341 86 2360 a
91 2331 111 2361 de
109 2332 152 2372 sgr?
158 2333 175 2363 3³
182 2333 211 2364 CO
218 2333 240 2363 for
246 2333 310 2364 iudaeae.
388 2331 463 2361 dimittere·

56 2381 224 2418 zsequtaeiorsecutae.
381 2391 386 2398 ‘
406 2380 480 2417 omoyses
506 2379 603 2419 abdcfffqr
626 2383 650 2418 gat
671 2381 712 2411 PM*

57 2434 65 2463 3
75 2427 129 2458 tarissei
136 2428 170 2459 with
176 2429 202 2459 her
208 2429 222 2458 R
228 2430 250 2460 ior
256 2429 331 2469 pharisaei.
388 2425 457 2456 ΕΗΘΚ
463 2426 542 2457 ioumoses.
570 2428 640 2466 permittit
649 2428 671 2459 ior
680 2429 712 2468 per·

38 2466 231 2504 temptantessortemtantes
388 2474 431 2504 misit.
456 2474 635 2506 demitterefordimittere,
658 2481 713 2508 uestros

56 2521 63 2550 5
73 2513 138 2545 demittet
144 2517 179 2546 with
188 2517 202 2546 R
208 2516 240 2555 (her
247 2518 276 2547 and
284 2522 309 2557 gat
318 2518 359 2548 reliu-
388 2521 411 2550 ior
417 2524 473 2551 uestras.

37 2559 76 2599 quet)
83 2561 105 2590 ior
111 2562 177 2595 dimittet.
207 2564 280 2596 adherebit
286 2566 321 2596 with
327 2565 363 2607 bfff
407 2579 416 2608 9
426 2568 467 2598 After
479 2569 498 2598 ob
510 2579 525 2607 r„
537 2569 576 2609 gives
589 2581 636 2610 cause,
648 2571 691 2602 while
703 2572 715 2602 d

35 2610 359 2649 ffirhergaruffRWFOAforadhaere-
388 2617 429 2648 reads
444 2622 503 2658 excepta
518 2619 573 2649 ratione
590 2620 662 2651 adulterii.
686 2622 713 2662 (qr
