1598 2809
38 55 120 91 —Mnsu
129 64 166 92 xlx.
176 52 206 103 29]
242 55 294 92 THE
306 54 394 93 CELTIC
407 52 509 93 GOSPELS

148 136 214 174 liscens
223 137 286 175 omnia
295 137 341 176 haec
350 135 442 175 custodIui
451 136 496 186 qnid

144 199 207 238 adhuc
216 199 260 237 mihi
269 199 322 238 deest
357 197 372 221 ²¹
381 198 416 237 Ait
424 198 450 236 illi
459 198 487 237 ihs
496 198 540 237 sinis

147 263 239 313 perfectus
248 276 289 302 csse
298 265 345 303 uade
353 270 373 302 et
382 263 443 301 ucnde
452 263 516 301 omnin

147 340 195 377 quac
202 327 261 366 babes
270 333 289 366 et
298 330 321 366 da
330 327 443 379 pauperibus
451 333 470 365 et
478 327 503 365 ha

147 391 176 430 bis
184 392 292 431 thesaurum
301 391 380 431 incaelo
389 398 408 430 ct
416 391 459 430 ueni
468 404 524 442 seque

148 468 168 494 re
177 468 207 493 me
243 454 257 477 ²2
265 456 313 494 Cum
322 456 404 495 audisset
414 461 478 494 autem
487 454 546 494 udolis

148 531 191 557 cens
200 519 278 558 uerbum
287 520 383 558 abiittritis
391 525 431 557 erat
440 520 489 557 enim

147 582 217 621 habens
227 584 296 623 multas
305 583 430 634 possessiones
439 582 454 603 2³
461 583 489 620 ihs

146 653 210 687 autem
218 647 268 687 dixit
276 646 371 698 discipulis
379 647 417 686 suis
426 659 481 686 amen

146 711 189 751 dico
197 712 251 750 uobis
260 712 304 762 quia
313 713 365 750 diues
375 712 450 750 deficele
459 713 508 750 Intra

146 775 201 815 bitin
210 789 286 827 regnum
296 776 389 815 caelorum
397 774 412 797 n
418 781 437 814 et
446 775 512 815 iteruin
522 774 541 814 di

146 852 168 878 co
177 840 230 879 uobis
239 847 259 878 et
267 840 338 879 facilius
347 848 376 880 est
384 840 483 879 camellum

145 904 306 954 perioiumenacus
315 904 394 943 transire
402 917 459 954 quam
468 903 487 941 di

146 968 204 1006 uitem
214 968 282 1006 intrare
290 968 387 1017 inregnum
396 967 490 1006 caelorum

146 1028 161 1052 ²⁵
168 1031 235 1068 auditis
244 1038 307 1069 autem
316 1031 346 1068 his
354 1030 440 1081 discipuli
450 1027 547 1068 miinbnnt'

145 1100 164 1133 et
173 1094 265 1134 timebant
274 1094 329 1134 ualde
338 1095 420 1134 dicentes
428 1096 470 1145 quis
479 1106 523 1144 ergo
532 1106 557 1144 po

145 1160 188 1197 terit
197 1159 259 1198 saluus
268 1172 309 1198 esse
344 1158 358 1181 ²0
365 1159 463 1208 Aspiciens
474 1165 536 1197 autem

145 1221 174 1260 ihs
183 1222 232 1261 dixit
241 1222 276 1262 illis
285 1223 335 1272 apud
344 1222 429 1262 homines
437 1221 473 1260 hoc
482 1222 536 1272 inpos

145 1285 202 1325 sibele
211 1292 240 1325 est
265 1287 315 1336 apud
324 1286 356 1325 din
366 1291 429 1325 autern
438 1285 501 1324 omnia
510 1297 544 1335 pos

145 1350 205 1389 sibilia
214 1356 258 1389 sunt
267 1348 281 1372 ²⁷
287 1356 331 1389 tunc
340 1350 454 1401 respondens
463 1355 528 1400 petrus

145 1414 193 1452 dixit
202 1414 219 1452 ci
228 1427 270 1452 cccc
279 1427 312 1452 nos
321 1414 442 1464 relinquimus
450 1414 514 1452 omniu

145 1484 163 1516 et
172 1479 231 1517 secuti
239 1491 304 1517 sumus
313 1484 332 1518 te
341 1480 386 1528 quid
395 1479 429 1517 crit
438 1477 492 1517 nobis
524 1475 569 1529 sbis

144 1540 159 1562 ²³
166 1542 207 1580 le
216 1549 278 1581 autem
288 1543 335 1581 dixit
344 1543 381 1581 illis
389 1555 445 1580 amen
454 1542 496 1580 dico
505 1554 529 1579 uo

144 1606 195 1654 quod
205 1618 239 1643 uos
248 1606 280 1656 qui
289 1605 348 1643 secuti
357 1607 401 1643 estis
411 1619 441 1643 me
450 1606 516 1655 ingene

145 1669 217 1709 ratione
226 1682 268 1708 cum
277 1669 346 1708 sederit
355 1669 403 1707 filius
411 1669 493 1708 hominis

145 1733 209 1773 insede
218 1734 321 1773 maiestatis
329 1746 374 1773 suae
417 1732 511 1773 Sedebitis
521 1738 540 1771 et

144 1810 177 1837 uos
186 1810 242 1848 super
250 1798 304 1837 sedes
313 1798 411 1838 duodecim
421 1798 495 1837 iudican

144 1867 172 1900 tes
181 1862 209 1900 xii
218 1861 278 1900 tribus
287 1861 355 1901 israhel
407 1861 421 1884 ²⁹
428 1862 454 1900 Et
463 1861 525 1900 omnis
535 1862 566 1911 qul

144 1924 219 1976 liquerit
228 1925 305 1964 domum
314 1925 344 1964 uel
353 1926 418 1965 iratres
427 1932 460 1965 aut

144 2001 217 2028 sorores
225 1995 258 2028 aut
266 1995 339 2040 patrem
348 1996 381 2029 aut
391 1996 470 2028 matrem
502 2019 504 2022 .

52 2112 147 2145 21uudc÷et
162 2123 169 2144 e
185 2114 210 2143 her
225 2118 250 2153 gut
262 2114 278 2143 ff
291 2114 325 2143 ER.
385 2113 416 2144 shin
427 2114 538 2154 conesponding
547 2118 563 2145 to
574 2114 598 2145 the
609 2117 647 2144 recto
659 2113 676 2144 os
683 2113 707 2145 the

36 2161 98 2190 somnia
105 2161 162 2201 bcfffq
169 2162 201 2192 lren
206 2163 238 2201 Cyp
245 2162 307 2201 Angh'er
313 2162 355 2200 'il’mg
385 2162 420 2192 solio
427 2166 441 2192 at
448 2163 501 2201 dileges
508 2163 536 2191 xlx.
544 2171 566 2202 19.

32 2212 56 2245 gat
63 2209 120 2248 EQW.
149 2210 190 2240 hubis
196 2210 218 2240 ior
224 2211 287 2240 habebis.
402 2220 417 2249 ν1
423 2220 484 2240 resumes
490 2209 528 2249 astar
534 2210 556 2241 ile
563 2210 604 2240 ucat
610 2213 626 2240 ai
630 2210 668 2240 xviii.
677 2219 699 2247 31.

38 2290 41 2293 Α
53 2263 68 2283 22
79 2257 157 2286 adoliscens
164 2259 189 2287 her
195 2259 225 2286 ER
231 2258 251 2286 M
258 2259 271 2286 V
277 2259 299 2287 ior
306 2258 354 2287 adule·
404 2265 421 2297 27
431 2258 522 2297 relinquimus
529 2259 570 2297 cffg1
576 2259 601 2287 her
607 2262 631 2296 gut
641 2259 671 2295 Qu
676 2259 706 2288 CV

32 2310 74 2334 scens.
104 2306 141 2336 tritis
147 2305 169 2336 ior
175 2306 224 2337 tristis.
384 2306 405 2335 ior
415 2305 501 2345 reliquimus,
538 2315 587 2345 —ergo
597 2306 621 2334 hex
630 2305 658 2334 Hil
670 2306 706 2336 aiter

51 2359 68 2389 25
78 2352 136 2384 deficcle
142 2353 164 2384 ior
170 2354 232 2385 difficile.
384 2354 422 2393 quid.

50 2401 157 2437 24nobis÷et
185 2402 355 2442 camellumaffhngat
381 2403 421 2432 '28
431 2401 535 2441 ingeneratione
540 2401 615 2441 ffruher
624 2402 651 2432 Hit
659 2402 681 2433 ior
690 2403 705 2434 in

31 2446 55 2477 her
64 2450 116 2481 {PR}
125 2451 146 2481 ior
156 2451 229 2481 carnelum.
384 2451 492 2491 uegeneratione.
523 2450 543 2479 xli
556 2451 597 2488 bnr²
609 2450 634 2480 her
646 2455 671 2491 gut
684 2452 706 2482 ior

51 2498 263 2535 25mitabant¹=mirubantnn
281 2499 354 2530 ÷ettime-
384 2498 463 2529 duodecim.

31 2542 65 2574 hant
71 2545 121 2586 bcffm
126 2557 136 2577 u
140 2547 183 2584 udin
190 2547 207 2577 ΞΡ
214 2548 227 2587 Q
234 2547 249 2588 (a
254 2558 263 2577 ν
269 2547 349 2586 timebant),
403 2557 420 2587 29
430 2546 487 2585 liquerit
492 2545 519 2585 (ab
524 2545 533 2575 l
538 2555 548 2575 n
553 2556 567 2585 η
572 2546 677 2587 lchlinqucrit]
684 2548 706 2580 for

50 2593 67 2623 25
76 2593 163 2633 inpossibele
174 2596 196 2625 iol·
205 2596 293 2636 inpossibile.
313 2597 354 2625 nster
383 2595 444 2635 reliquit·

31 2643 51 2669 est
60 2642 106 2673 which
114 2643 171 2688 follows
179 2644 218 2676 there
225 2645 238 2675 is
248 2654 256 2674 a
266 2645 297 2675 stab
306 2646 321 2675 in
331 2645 354 2675 the

361 2705 373 2734 F
