1598 2809
283 128 336 164 THE
348 127 436 165 CELTIC
448 127 552 165 GOSPELS
608 127 676 179 [Mean
685 140 704 168 11.
713 132 758 168 16-

191 213 233 246 tens
242 208 312 247 occidit
320 221 387 247 omnes
395 221 462 260 pueros
471 208 557 259 quierant

192 272 295 311 inbethlenr
304 278 323 311 et
332 272 439 310 inomnibns
448 271 517 310 finibus
526 275 566 312 eius

192 335 278 374 abimatu
288 341 307 374 et
315 335 362 374 infra
370 335 471 375 secundum
479 341 555 387 tempus

193 400 245 450 quod
254 400 357 451 exquisirat
364 399 436 449 arnagis
445 397 588 451 1⁷runcadinpte

193 464 235 502 turn
244 469 272 502 est
281 464 404 513 quoddicturn
413 469 442 502 est
450 464 581 514 perherirniam

191 526 285 576 profetam
294 527 387 566 dicentem
397 525 458 565 1iuox
467 527 540 567 inrarna
548 528 592 567 audi

194 598 215 630 ta
223 597 252 630 est
260 591 344 641 ploratus
353 596 371 629 et
380 591 462 629 ululatus
471 592 541 630 multus
550 605 571 630 ra

195 654 249 692 cheat
257 656 333 703 plorans
341 654 433 693 filiossuos
443 659 461 692 et
470 653 530 691 noluit
538 667 574 693 con

195 717 252 756 snlari
260 718 305 768 qnia
313 724 394 757 nonsunt
404 717 418 739 1³
426 719 515 757 defuncto
525 725 588 758 autern

195 783 265 820 herode
274 794 317 820 ecce
326 782 413 833 apparuit
422 783 499 832 angelus
508 784 541 820 diri
550 784 569 821 in

196 846 266 883 somnis
276 846 342 895 ioseph
351 846 446 896 inaegipto
455 845 470 868 2⁰
478 846 542 884 dicens
551 859 606 898 surge

196 916 215 948 et
224 909 287 959 accipe
296 922 375 959 puerum
385 915 405 947 et
414 916 493 949 matrem
503 911 541 949 eius
551 917 569 949 et
579 924 603 949 ua
654 959 655 962 Ἰ

196 974 220 1009 de
229 974 318 1010 interram
328 973 395 1011 israhel
434 973 566 1012 Defunctisunt

197 1036 246 1074 enirn
255 1036 287 1085 qui
296 1036 399 1085 querebant
408 1037 492 1090 animam
501 1039 554 1087 pueri
563 1036 615 1087 21qni

196 1112 309 1150 consurgens
318 1100 387 1150 accipit
396 1112 476 1150 puerum
485 1106 504 1138 et
516 1106 595 1139 matrem

197 1164 235 1201 eius
245 1168 264 1201 et
273 1163 324 1202 uenit
333 1164 421 1201 interram
431 1163 498 1202 israhel
508 1161 523 1185 ²2
530 1166 607 1205 audiens

197 1233 261 1266 autem
269 1229 320 1278 quod
329 1227 422 1266 archilaus
431 1234 517 1277 regnaret
526 1229 600 1268 iniudea

197 1291 372 1341 proherondepatre
381 1303 415 1329 suo
424 1291 487 1330 timuit
496 1291 539 1330 illuc
550 1292 588 1331 irae

199 1362 218 1393 et
227 1355 335 1393 admonitus
345 1354 435 1394 insomnis
443 1357 520 1394 secessit
528 1356 582 1406 inpar

198 1425 228 1457 res
236 1419 304 1469 galliae
313 1418 328 1440 ²³
335 1425 354 1457 et
365 1419 440 1457 ueniens
449 1419 542 1457 habitauit
551 1420 608 1458 ineini

200 1487 240 1519 tate
249 1488 377 1531 quaenoeatur
386 1481 473 1520 nazareth
483 1487 503 1519 nt
512 1482 556 1520 adin

200 1545 281 1595 pleretur
290 1545 415 1596 qnoddictum
424 1553 453 1584 est
462 1559 495 1596 per
504 1547 586 1595 profetas

200 1611 289 1660 qnoniam
298 1623 389 1649 nazareus
398 1611 498 1649 uocabitur
506 1611 530 1660 s
538 1612 575 1661 bap

89 1674 119 1712 ΠΙ
203 1673 305 1713 lIudiebns
313 1681 376 1712 antem
387 1675 423 1712 illis
433 1675 484 1713 uenit
493 1675 579 1714 iohannis
607 1692 608 1695 ¹

108 1746 125 1777 16
135 1748 198 1778 bethlem
207 1748 232 1778 her
241 1748 271 1777 iam
281 1748 332 1777 DRT
342 1747 414 1777 forheth·
445 1758 467 1786 aq
480 1748 510 1777 lam
526 1748 600 1778 DRTW
616 1750 639 1778 for
654 1749 709 1780 iudaea.
738 1759 770 1789 pro·

88 1795 130 1824 leem.
159 1795 294 1834 exquisiratherior
301 1795 389 1834 exquisierat
446 1795 548 1835 herondepatre
564 1806 595 1828 suo.
617 1797 648 1827 The
665 1798 710 1829 scribe
726 1805 771 1829 wrote

65 1864 68 1870 .
109 1849 126 1881 17
136 1842 354 1882 adinpletumsoradirnpletum.
378 1843 415 1872 heri·
445 1844 574 1882 proherondepatre
592 1844 652 1874 without
667 1855 694 1883 any
710 1845 770 1875 division

89 1890 133 1919 miani
143 1890 165 1919 ior
175 1890 261 1920 hieremiam.
291 1891 415 1930 profetamqher
446 1892 509 1922 between
519 1891 543 1921 the
553 1892 603 1923 troicis.
623 1892 655 1923 The
664 1892 705 1923 letter
718 1903 728 1923 n
742 1903 771 1923 uias

89 1937 150 1967 DRior
157 1938 246 1976 prophetam.
421 1960 423 1966 .
447 1941 496 1969 erased
508 1940 535 1970 hut
547 1945 592 1971 traces
604 1941 620 1972 oi
631 1941 642 1972 it
654 1943 712 1972 ramniu.
731 1942 771 1973 Thus

110 1988 127 2017 18
136 1988 193 2018 racheal
202 1988 224 2018 tor
233 1987 285 2018 rachel.
313 1988 415 2025 consulario'n
447 1988 507 2028 prohero
524 1989 608 2028 depatresuo
623 1990 636 2019 is
651 1995 698 2021 meant
710 1992 732 2020 tor
745 2001 772 2030 pro

89 2039 114 2069 her
121 2039 150 2070 ianr
156 2040 182 2069 dur
187 2040 220 2070 deer
225 2039 254 2068 dim
260 2040 274 2068 D
280 2040 292 2069 E
298 2040 312 2078 Q
317 2040 329 2069 R
334 2040 348 2069 Y
355 2040 376 2069 ior
383 2049 416 2070 eon·
447 2036 499 2066 herode
509 2041 549 2075 patre
559 2047 588 2067 suo.
607 2038 639 2067 The
648 2047 656 2067 e
665 2038 679 2068 in
687 2040 737 2069 temnit
746 2034 772 2068 has

90 2087 137 2116 solari.
151 2087 178 2117 We
183 2086 220 2117 shall
225 2087 255 2116 find
260 2089 301 2117 much
307 2087 396 2126 interchange
402 2087 418 2117 ot
447 2085 476 2114 had
485 2094 502 2115 so
511 2085 554 2115 much
564 2085 581 2115 ot
588 2085 600 2116 it
608 2086 657 2116 erased
666 2096 681 2116 as
688 2090 704 2116 to
712 2086 754 2118 make
762 2087 773 2117 it

90 2135 114 2166 the
120 2135 169 2166 letters
175 2145 182 2166 o
189 2135 217 2165 and
224 2144 239 2165 u.
448 2134 479 2164 into
489 2133 499 2172 i,
510 2144 526 2163 so
536 2144 557 2164 we
566 2134 602 2164 have
612 2135 664 2165 timuit,
692 2136 722 2166 irae
731 2136 773 2174 Qior

110 2193 128 2224 19
138 2185 195 2223 aegipto
202 2185 228 2213 her
234 2184 248 2213 T
254 2184 276 2213 ior
282 2189 348 2222 aegypto.
448 2182 473 2211 irev
502 2182 554 2220 galilae
560 2186 585 2221 gat
592 2182 613 2211 ior
619 2182 692 2221 galilaeae.

110 2241 128 2262 ao
137 2232 243 2271 querebanther
247 2231 276 2260 ianr
281 2236 306 2270 gat
313 2232 374 2261 1)ch
379 2232 416 2260 WH
468 2237 485 2267 25
496 2229 592 2268 adinpleretur
604 2230 630 2260 her
639 2229 688 2260 DRC
698 2231 720 2260 tor
729 2230 773 2260 adim-

91 2281 112 2309 tor
119 2281 208 2318 quaerebant,
449 2277 517 2317 pieretnr.
546 2277 609 2317 profetas
615 2288 624 2317 q
630 2277 643 2306 R
651 2277 672 2307 ior
678 2280 758 2317 prophetas.

111 2338 127 2356 21
137 2328 166 2358 dir
172 2329 234 2366 missing
237 2328 282 2364 from
288 2327 305 2357 ii.
313 2335 328 2356 21
337 2331 351 2357 to
358 2328 378 2358 iit
385 2328 398 2358 8.
467 2326 491 2355 ΙΙΙ
500 2326 517 2355 In
524 2325 549 2355 the
555 2325 661 2356 LanrbethMS.
667 2326 709 2364 (ianr)
714 2336 736 2356 ue
742 2336 775 2356 enn-

110 2386 194 2415 consergens
204 2377 229 2406 her
236 2377 266 2405 iam
273 2381 298 2414 gat
305 2375 320 2405 n
325 2376 339 2405 D
345 2376 358 2405 E
363 2376 376 2413 Q
381 2376 394 2404 T
400 2376 418 2404 W
448 2378 474 2403 not
481 2374 534 2412 airnays
541 2373 566 2402 tell
575 2373 608 2402 how
617 2374 664 2403 words
673 2382 696 2403 are
705 2374 741 2413 spelt
750 2373 775 2404 be-

92 2425 113 2454 tor
129 2434 191 2463 surgens,
228 2423 281 2462 accipit
294 2421 318 2452 h'er
334 2423 384 2461 EQR
397 2424 419 2453 tor
449 2421 733 2451 causeofrhernrmherotcontraetions

92 2473 152 2511 accepit.
172 2481 179 2501 e
190 2472 219 2502 and
232 2472 273 2501 iare
285 2470 364 2510 frequently
377 2471 419 2500 inter·
470 2478 476 2498 1
488 2469 505 2498 In
516 2469 541 2499 the
553 2467 610 2499 scrihe¹s
619 2469 687 2499 iohannis
700 2469 738 2509 (gat)
751 2468 775 2500 the

93 2519 162 2559 changed.
450 2518 502 2547 second
507 2517 514 2547 i
517 2518 530 2546 is
535 2517 606 2547 corrected
611 2520 626 2546 to
633 2527 640 2546 ι
646 2518 694 2557 giving
700 2517 775 2548 Iohannes,

112 2576 128 2596 aa
139 2568 178 2606 quod
187 2566 273 2608 abfffiglq
282 2567 316 2606 ring
324 2567 349 2596 her
358 2568 387 2596 lam
395 2572 419 2606 gat
449 2567 478 2606 bap
487 2566 499 2595 is
508 2566 561 2595 carried
571 2574 591 2605 up
600 2569 616 2595 to
625 2564 646 2595 hil
655 2566 678 2597 the
687 2565 715 2597 line
725 2566 775 2604 above,

93 2615 169 2647 Domnaeh
184 2616 230 2656 airgid
243 2615 385 2654 DEQRCTWZ
398 2617 420 2645 ior
450 2615 469 2645 tis
481 2616 494 2645 is
507 2615 522 2644 in
535 2615 560 2644 tire
573 2615 634 2653 margin,
646 2614 689 2645 while
701 2620 717 2644 ta
730 2614 777 2654 (carry

93 2664 132 2704 qnia.
161 2663 368 2703 archilansherlanrgatQRr
388 2663 420 2694 The
450 2662 777 2703 dorin)standsattheheginningoitheline

93 2714 101 2743 i
106 2713 119 2742 is
125 2712 196 2742 corrected
202 2716 218 2742 to
225 2722 232 2742 e
238 2712 260 2742 for
269 2713 349 2743 archelaus.
378 2712 420 2742 iudea
450 2711 500 2742 helon
