1598 2809
37 55 112 91 -Lunn
120 60 132 88 1.
141 49 171 101 32]
216 44 218 46 ¹
238 52 290 88 THE
302 52 391 90 CELTIC
403 52 506 91 GOSPELS
532 50 533 53 ’
677 56 708 100 165

146 133 197 185 quod
205 134 305 172 uissionem
314 134 391 173 uidisset
399 134 489 187 intemplo
498 142 517 176 et
526 137 566 187 ipse
574 144 614 177 erat

147 199 225 234 innuens
234 197 268 233 illis
278 203 297 233 et
305 199 407 247 permansit
415 204 477 236 mutus
486 199 501 221 ²³
506 207 525 237 et
533 201 603 240 factum

147 266 176 300 est
185 266 205 299 ut
214 259 323 310 inpletisunt
332 261 371 300 dies
380 260 435 300 officii
443 262 483 301 eius
491 263 531 303 abit
540 264 584 303 indo

148 337 200 363 mum
209 336 262 362 suam
271 321 286 345 ²4
292 330 335 373 post
344 325 379 363 hos
387 330 451 364 autem
460 326 499 365 dies
508 328 594 377 concepit
603 328 635 367 elit
673 361 676 365 Α

148 388 216 426 zabeth
225 400 273 425 uxor
282 389 321 426 eius
330 394 349 426 et
358 388 465 427 occultabat
473 402 494 427 se
502 390 596 428 mensibus

148 452 230 502 quinque
238 451 302 489 dicens
312 450 327 474 2⁵
332 452 376 501 quia
384 451 410 489 sic
420 451 465 490 mihi
474 452 517 491 fecit
526 453 561 490 dr'rs
570 452 620 492 indie

148 515 183 554 bus
192 514 260 564 quibus
269 514 351 563 respexit
362 513 433 552 auferre
442 515 564 564 obprobrium
574 520 616 553 meir

150 570 198 618 inter
207 578 291 616 homines
300 577 315 600 ²⁶
320 579 404 617 inmense
414 585 478 617 autern
488 585 543 618 sexto
552 591 625 619 mussus
633 585 661 619 est
694 622 696 624 ,

150 641 227 693 angelus
236 641 320 692 gabrihel
328 643 365 681 ado
374 642 487 681 intinitatem
496 643 564 693 galilae
568 643 582 694 s
587 656 608 682 sa

150 705 186 745 Cui
195 718 264 745 nomen
273 705 370 745 natzareth
379 704 394 728 2⁷
400 704 516 758 aduirginem
525 707 592 758 dispon

150 777 190 809 tam
200 771 240 808 uiro
249 770 278 808 eui
287 782 355 808 nomen
365 776 405 808 erat
414 770 479 820 ioseph
487 771 569 810 dedomo
578 771 603 810 da

151 834 183 872 uid
192 839 211 872 et
220 845 289 871 nomen
298 834 374 884 uirginis
383 833 441 871 maria
450 832 464 855 2⁸
471 840 490 872 et
499 835 582 885 ingresus
591 848 639 886 ange

149 898 178 937 lus
188 898 255 937 adeam
262 896 362 937 benedixit
370 910 404 936 aue
413 898 473 947 gratia
482 898 536 949 plena
545 900 580 937 dr'rs

97 1005 98 1008 Ἴ
150 968 213 1000 tecum
222 961 321 1000 benedicta
330 968 350 999 tu
359 961 492 1001 intermulieres
500 961 515 984 ²⁹
521 962 575 1012 Quae
584 974 626 1001 eum

110 1053 112 1058 -
151 1025 233 1064 audisset
243 1025 347 1064 turbataest
355 1025 461 1064 insermone
470 1026 509 1064 eius
520 1032 539 1065 et
547 1038 570 1065 co
678 1029 712 1063 225

151 1090 224 1140 girabat
233 1086 294 1139 qualis
303 1095 351 1128 esset
360 1090 396 1127 ista
405 1089 475 1128 locutio
484 1089 499 1112 ³⁰
505 1096 523 1128 et
532 1090 558 1128 ait
567 1102 591 1128 an

153 1153 205 1204 gelus
214 1153 231 1191 ei
240 1153 331 1192 netimeas
340 1153 399 1191 maria
408 1153 448 1202 ipsa
457 1159 521 1192 autem
530 1166 573 1192 cum
583 1153 602 1191 ui

152 1218 210 1255 disset
219 1217 287 1255 mirata
297 1223 325 1255 est
334 1217 411 1254 introitu
421 1217 460 1255 eius
469 1223 488 1255 et
496 1222 536 1255 erat
545 1218 607 1267 cogita

91 1297 92 1300 ¹
153 1287 174 1320 nt
183 1282 229 1330 quid
238 1281 265 1319 sie
273 1281 400 1320 benedixisset
409 1292 451 1319 eam
460 1287 480 1320 et
488 1281 537 1320 dixit
546 1281 563 1320 ei
572 1281 649 1332 angelus

153 1346 186 1384 dni
194 1344 232 1384 noli
241 1346 307 1385 timere
316 1345 374 1383 maria
383 1344 470 1384 inuenisti
481 1345 530 1384 enim
539 1345 600 1395 gratia

154 1410 238 1460 apuddn
247 1408 262 1431 ³¹
269 1415 287 1448 et
296 1421 340 1448 ecce
348 1408 453 1460 concipiens
462 1410 534 1448 inutero
543 1416 562 1449 et
571 1410 631 1459 paries

141 1486 143 1488 ’
154 1472 214 1510 filium
224 1468 243 1510 et
252 1473 329 1510 uocabis
338 1485 406 1510 nornen
415 1473 454 1510 eius
462 1473 501 1510 ihm
510 1471 525 1494 ³2
532 1473 586 1510 Haeo
597 1473 632 1511 erit

155 1548 234 1586 magnus
243 1541 261 1575 et
270 1535 320 1575 filius
329 1536 414 1575 altissimi
423 1536 520 1576 uocabitur
528 1541 548 1575 et
556 1536 610 1575 dabit

154 1599 180 1638 illi
190 1600 225 1639 dns
234 1600 256 1638 ds
264 1601 328 1639 sedem
337 1600 394 1639 dauid
403 1599 498 1651 patrissui
508 1605 527 1638 et
536 1612 594 1650 regna

65 1730 81 1751 22
91 1721 166 1752 nissionem
173 1725 198 1761 gat
204 1733 214 1758 μ
219 1722 233 1751 D
239 1721 253 1751 R
259 1721 281 1751 lor
287 1720 359 1752 visionem
414 1731 432 1761 ²9
441 1720 495 1752 locutio
502 1721 524 1752 ior
530 1721 602 1753 saturnio.

65 1779 82 1807 25
92 1770 142 1810 inpleti
149 1771 195 1810 ffrrr²
201 1770 231 1800 dim
238 1769 336 1801 buxeum
345 1770 367 1800 for
414 1779 432 1808 30
446 1771 492 1810 ÷ipsa
496 1775 577 1801 autemeam
582 1770 693 1801 uidissetmirata
697 1773 718 1799 est

46 1820 105 1858 impleti.
133 1818 163 1847 abit
169 1819 191 1847 for
197 1818 236 1846 abiit.
396 1818 454 1847 introitu
458 1819 488 1848 eius
492 1823 506 1847 et
510 1822 540 1847 erat
544 1818 608 1856 cogitant
612 1819 646 1856 qnid
651 1819 672 1847 sio
677 1819 719 1846 hene-

64 1877 82 1906 ²4
92 1866 169 1897 elitrabeth
181 1867 202 1896 tor
213 1864 291 1895 Elisabeth.
314 1865 368 1903 dieens,
396 1865 453 1896 dixisset
462 1876 494 1896 eam
502 1870 516 1896 et
524 1865 559 1895 dixit
567 1866 580 1895 ei
588 1865 646 1905 angelus
655 1865 680 1895 dni
688 1864 719 1895 noli

46 1916 74 1955 stip
80 1916 102 1945 for
108 1915 160 1946 diceus.
395 1914 444 1944 timere
449 1914 589 1951 mariaattermaria.
608 1913 719 1953 Theinterpola·

14 1984 15 1988 ,
65 1972 82 2004 25
91 1963 128 1994 mihi
136 1963 170 1994 tecit
179 1962 241 2000 ecstor
252 1962 286 1993 im.
315 1963 367 2002 obpro·
382 1973 383 1976 ¹
395 1963 426 1992 tion
435 1971 484 1993 oeeurs
490 1963 504 1992 in
511 1962 564 1993 several
574 1961 615 1992 MSS.
622 1962 637 1991 in
644 1971 653 1991 a
660 1961 720 2001 slightly

46 2012 92 2043 brinm
98 2023 107 2043 e
112 2011 182 2052 bdefffli
187 2011 233 2051 iqr12
239 2022 249 2048 μ
255 2011 280 2042 ber
286 2015 310 2051 gat
316 2011 368 2042 deerD
396 2010 460 2042 different
466 2011 501 2041 form
506 2019 536 2041 :—e
541 2011 566 2041 illa
572 2013 619 2040 antem
626 2019 658 2040 eum
662 2009 720 2040 uidisset

46 2061 62 2090 'd’
71 2061 109 2092 codd
117 2059 240 2100 ioropprobrinm.
396 2059 462 2098 angelum
472 2059 542 2090 admirata
550 2063 571 2089 est
579 2059 598 2088 ad
607 2058 680 2089 introitum
690 2058 720 2088 eius

66 2109 83 2138 26
92 2118 147 2138 messus
153 2112 174 2138 est
180 2108 202 2137 for
208 2108 259 2137 missus
265 2111 290 2137 est
397 2108 476 2145 recogitans
481 2107 538 2146 qniasie
542 2103 614 2136 benedixit
620 2115 652 2136 eam
658 2115 662 2135 r
668 2106 687 2145 ff
689 2106 721 2144 ipsa

65 2156 93 2186 eis
99 2156 149 2186 almost
157 2155 240 2195 obliterated
247 2155 264 2185 in
274 2164 319 2187 verses
328 2154 346 2186 26
356 2159 369 2186 te
397 2159 463 2185 autemut
467 2154 502 2185 uidit
506 2157 538 2185 eum
543 2157 582 2184 mota
586 2158 607 2184 est
611 2154 625 2183 in
629 2153 687 2184 introitu
691 2153 721 2184 eius

47 2212 69 2241 32.
304 2213 305 2216 ¹
397 2208 411 2234 et
417 2207 447 2234 erat
453 2203 526 2242 cogitans:
537 2201 591 2241 qquod
600 2202 621 2231 sic
630 2201 721 2231 benedisisset

64 2252 128 2291 gabrihel
137 2252 147 2281 e
156 2253 190 2290 Ang
202 2256 227 2290 gat
240 2252 264 2290 (ff
273 2252 334 2290 grabiel)
347 2253 369 2281 for
397 2252 477 2287 eam-the
483 2251 529 2280 restis
535 2250 559 2279 the
565 2259 604 2280 same
610 2259 626 2279 as
633 2249 649 2288 ff
655 2250 722 2288 omitting

47 2299 109 2332 Gabriel.
138 2300 191 2339 galilee
197 2304 222 2339 gat
228 2299 250 2330 ior
257 2299 335 2332 Galilaeae.
397 2297 513 2329 eumaiteruidit.
533 2297 578 2336 ripsa
583 2301 630 2328 autem
635 2296 722 2328 nidenseum

46 2349 117 2380 natzareth
127 2349 150 2380 lor
158 2349 234 2380 Nazareth.
397 2346 454 2388 expauit
463 2348 478 2376 in
487 2346 545 2376 introitu
556 2345 586 2375 eius
594 2350 608 2375 et
618 2350 647 2376 erat
657 2345 723 2385 cogitans

66 2403 83 2437 27
93 2398 213 2438 disponsatamde
218 2398 274 2437 qr2her
278 2402 303 2436 gat
307 2399 344 2428 codd
348 2398 370 2426 lor
398 2397 436 2436 quod
442 2396 462 2425 ita
468 2405 500 2425 eam
507 2394 617 2432 benedixistset).

47 2445 150 2484 desponsatam.
417 2452 433 2482 31
448 2447 476 2475 ÷et
488 2443 535 2473 before
546 2451 578 2473 ecee
589 2441 656 2481 bdfffq.
675 2444 724 2474 eonci-

67 2494 84 2523 nss
94 2495 157 2531 ingresus
167 2492 192 2522 her
202 2501 217 2531 r²
227 2497 252 2531 gat
262 2493 284 2523 for
294 2493 370 2532 ingressus,
398 2491 439 2530 piens
445 2490 473 2519 dY
480 2489 502 2519 for
508 2489 583 2528 concipies.

65 2541 249 2582 benedixiteffrsordixit.
268 2540 370 2571 intermulieres
418 2546 434 2575 3²
445 2537 486 2569 Haec
492 2537 514 2568 tor
521 2537 548 2568 hie.
577 2536 648 2569 suielren
657 2537 690 2578 Cyp
698 2537 723 2570 her

48 2588 88 2619 bede
88 2589 126 2629 fflr
132 2590 157 2621 her
163 2596 189 2631 gat
195 2601 220 2630 mg
226 2589 263 2621 codd
272 2589 294 2620 for
303 2590 318 2620 in
328 2587 370 2619 muli·
399 2590 424 2627 gat
430 2586 452 2616 ior
458 2586 492 2617 eius

48 2638 98 2668 eribus.
