1598 2809
43 39 145 75 -mmn
156 33 185 84 η]
246 36 298 72 Tua
310 35 399 73 carme
410 22 513 73 oosPaus
536 39 537 42 ¹
684 37 716 82 169

153 116 185 167 qui
194 116 294 155 intenebris
303 123 322 155 et
331 116 398 154 umbra
407 117 473 155 mortis
481 117 547 155 sedent
555 117 579 155 ad

154 179 262 229 dirigendos
270 180 327 230 pedes
336 185 410 217 nostros
419 179 488 218 inuiam
497 180 548 230 pacis
575 178 578 180 ’

154 242 170 267 ⁸⁰
177 244 225 282 Puer
233 249 296 282 autern
306 243 400 283 crescebat
409 249 428 282 et
436 243 575 283 confortabatur
633 242 635 247 ’

92 351 95 358 ,
154 308 209 358 inspu
218 313 237 346 et
246 314 286 348 erat
295 308 313 347 in
323 308 401 348 desertis
410 319 468 357 usque
475 307 544 348 indiem
553 320 574 347 os

156 372 247 411 tensionis
255 385 298 410 suae
307 371 399 410 adisrahel
408 371 501 411 1Factum
511 376 539 410 est
547 375 590 410 aute

154 436 240 475 indiebus
249 436 285 475 illis
294 437 340 475 exiit
349 437 443 475 aedictum
452 447 537 475 accesare
546 448 592 486 agus

154 506 175 537 to
184 505 205 536 ut
214 499 343 538 discriberetur
352 500 448 538 uniuersus
457 500 507 538 orbis
516 498 574 538 lhaec
583 499 612 537 dis

154 563 222 613 criptio
231 564 292 614 prima
301 564 351 602 sacta
359 569 387 603 est
396 563 494 615 apraeside
503 563 557 602 siriae
696 614 697 617 Ἴ

154 628 220 677 quirno
229 628 304 665 nomine
313 628 345 666 ³et
354 628 407 666 ibant
416 640 481 666 omnes
490 633 511 666 ut
519 628 592 677 profete
680 630 714 664 230

155 697 220 729 rentur
228 689 298 740 singuli
307 691 380 730 insuam
389 691 485 730 ciuitatem
494 689 591 730 lascendit
600 694 644 730 aute

155 753 220 804 ioseph
229 753 315 804 agaliliae
324 754 425 794 deciuitate
434 753 522 793 nazareth
531 752 608 792 miudes

155 817 251 856 ciuitatem
261 818 318 856 dauid
328 830 375 867 quae
384 824 463 857 uocatur
471 818 555 857 bethlem
561 815 575 869 s
580 830 614 867 pro

156 881 186 919 Eo
194 881 246 931 quod
256 888 304 921 esset
312 881 394 922 dedomo
403 888 422 921 et
430 881 500 921 familia
508 882 565 920 dauid
574 879 608 920 ⁵ut

155 946 243 984 feteretur
251 957 293 984 cum
303 946 361 984 maria
369 945 478 996 disponsata
485 946 520 984 sibi
529 957 589 984 uxore

156 1016 271 1059 praegnante
280 1009 371 1060 despuseo
380 1008 463 1049 6factum
472 1016 501 1048 est
509 1014 572 1048 autem
581 1021 624 1048 cum

156 1080 218 1112 essent
227 1073 336 1124 inpletisunt
345 1074 384 1112 dies
393 1080 414 1112 ut
422 1073 491 1123 pariret
500 1072 532 1111 ⁷et
541 1073 613 1123 peperit

156 1135 215 1174 filium
225 1149 279 1175 suum
289 1136 435 1187 primogenitum
444 1143 464 1176 et
472 1137 538 1186 pannis
547 1147 590 1175 eum
600 1137 619 1174 in

156 1199 214 1238 uoluit
223 1204 242 1238 et
252 1199 349 1239 reclinabit
358 1211 401 1238 enm
410 1205 429 1238 et
438 1200 512 1249 possuit
521 1199 638 1249 inpraesepio

156 1263 200 1313 quia
209 1275 246 1302 non
256 1270 296 1303 erat
305 1265 322 1303 ei
331 1263 383 1303 locus
391 1262 513 1302 indiuersorio
522 1262 553 1302 ⁸et
562 1275 596 1313 pas

155 1332 206 1365 tores
215 1334 268 1365 erant
278 1327 374 1377 inregione
383 1328 448 1366 eadem
457 1327 558 1377 uigilantes
566 1331 585 1364 et
593 1339 626 1365 cus

156 1391 250 1430 todientes
259 1391 332 1441 uigilias
341 1391 401 1430 noctis
410 1403 467 1440 super
474 1403 550 1442 gregem
559 1402 614 1429 suum

158 1452 190 1491 let
199 1467 241 1492 ecce
250 1454 328 1504 angelus
336 1454 369 1492 dr‘ri
377 1454 430 1492 stetit
438 1453 493 1492 iuxta
502 1454 543 1492 illos
552 1459 571 1492 et
579 1453 624 1491 clari

156 1523 186 1556 tas
195 1519 215 1557 di
223 1518 293 1557 circum
301 1518 353 1557 fulsit
362 1517 404 1556 illos
413 1523 432 1556 et
441 1517 544 1556 timuerunt
553 1517 621 1556 timore

157 1593 226 1631 magno
234 1580 250 1603 1⁰
255 1588 274 1621 et
283 1581 332 1621 dixit
342 1581 378 1620 illis
386 1580 463 1631 angelus
473 1581 531 1620 nolite
540 1582 606 1620 timere
615 1592 658 1619 ecce

158 1645 207 1683 enim
216 1646 337 1696 aeuangelizo
345 1645 399 1684 uobis
407 1645 497 1696 gaudium
506 1657 596 1695 magnum

158 1710 208 1759 quod
218 1710 253 1748 erit
262 1711 314 1749 omni
323 1709 394 1761 populo
402 1707 417 1731 ¹¹
423 1709 468 1759 quia
476 1715 531 1748 natus
540 1716 568 1747 est
577 1707 631 1747 uobis

157 1774 213 1812 hodie
221 1774 305 1813 saluator
313 1775 346 1823 qui
355 1780 383 1812 est
391 1780 428 1824 xps
436 1773 469 1811 dr'ri
478 1772 575 1812 inciuitate

66 1848 84 1882 79
96 1844 126 1874 -in
133 1844 181 1875 before
187 1846 242 1876 umbra.
399 1845 466 1884 agaliliae
481 1845 503 1876 ior
516 1855 524 1875 a
538 1844 608 1877 Galilaea.
642 1844 683 1874 iudea
698 1844 734 1874 ior'

65 1891 84 1921 80
97 1893 126 1923 ein
135 1893 182 1923 before
192 1894 242 1933 spiritu
251 1894 272 1937 ab
272 1895 291 1933 ff
294 1905 336 1933 ςιμνΞ
345 1893 370 1925 her
398 1893 471 1924 Iudaeam.
502 1893 533 1923 -in
538 1893 586 1925 before
592 1892 664 1924 ciuitatem
668 1900 678 1923 a
679 1892 693 1929 f
694 1891 720 1922 her

47 1943 71 1976 gat
80 1939 112 1970 Iren
122 1941 152 1971 dim
160 1943 193 1972 deer
202 1943 242 1974 codd.
275 1943 326 1974 israhel
330 1943 370 1983 fr„
398 1946 453 1982 ngat.
488 1941 551 1973 bethlem
562 1939 605 1981 affra
618 1939 680 1979 herrr²
690 1939 720 1970 dim

47 1986 81 2026 Aug
87 1999 97 2025 μ
103 1988 180 2021 Hamilton
187 1990 209 2021 ior
214 1990 263 2022 Israel.
398 1990 435 2021 codd
442 1991 464 2021 for
471 1990 558 2021 Bethlehem

65 2035 98 2066 111
109 2037 179 2069 aedictum
192 2038 224 2070 DC
237 2039 260 2069 for
274 2039 341 2071 edictum.
418 2049 426 2079 5
435 2041 528 2080 proieteretur
537 2040 570 2080 (her
579 2038 679 2079 protelaretur)
689 2048 720 2078 μη

47 2086 369 2127 aceesarerpdreracessare:Qaecessare)
399 2089 478 2119 deerdiim
490 2089 524 2118 DO
537 2088 559 2118 ior
571 2087 664 2126 profiteretur.
698 2087 720 2117 di·

47 2127 69 2160 for
78 2141 87 2161 a
96 2130 161 2165 Caesare.
189 2138 240 2174 agusto
250 2145 278 2175 qr²
287 2133 312 2165 her
322 2146 333 2173 μ
344 2135 370 2166 dur
398 2140 466 2175 sponsata
473 2135 484 2165 d
489 2135 514 2165 her
519 2138 544 2174 gat
550 2134 588 2165 codd
597 2135 619 2164 for
629 2133 720 2173 desponsata

47 2177 77 2208 dim
86 2179 119 2211 deer
129 2181 161 2220 QR
166 2182 198 2212 ΤΥ
208 2183 230 2212 ior
240 2183 311 2222 Augusto.
348 2184 369 2214 di·
431 2184 514 2223 ÷desprsto
520 2187 545 2222 gat
552 2182 583 2223 (ber
590 2182 634 2221 despu
640 2181 671 2221 sdo)
678 2182 692 2222 Q
698 2182 721 2213 ior

48 2227 130 2260 scriberetur
134 2229 160 2260 her
165 2235 189 2270 gat
196 2231 233 2261 codd
238 2231 260 2261 ior
264 2232 368 2263 describeretur.
398 2232 416 2263 de
422 2231 472 2272 spiritu
477 2237 530 2262 sancto.

67 2283 74 2304 a
84 2276 157 2318 discriptio
163 2279 189 2310 her
195 2279 254 2319 ⁷&ng
261 2280 282 2311 for
287 2279 367 2320 descriptio.
416 2278 425 2309 6
437 2279 474 2310 -ibi
480 2280 516 2310 aster
522 2284 567 2310 essent
573 2278 692 2318 (heribranni).

68 2324 116 2356 Verres
124 2335 131 2355 a
139 2327 182 2364 ande,
189 2337 213 2359 are
219 2329 287 2368 wanting
291 2328 308 2360 in
315 2339 327 2360 e.
396 2327 446 2369 inpleti
457 2328 505 2367 aaffp
514 2332 539 2367 gat
546 2327 579 2358 decr
585 2327 622 2358 codd
630 2326 652 2359 ior
658 2328 720 2368 impleti.

66 2373 108 2404 siriae
117 2374 143 2405 her
152 2376 194 2406 ΞΜ
204 2377 226 2407 ior
236 2377 290 2416 Syriae.
318 2378 369 2418 quirun
425 2377 477 2416 paritet
484 2377 525 2406 dher
530 2386 544 2413 η
550 2387 560 2413 μ
566 2376 596 2406 dim
605 2376 639 2407 deer
648 2376 686 2407 codd
698 2378 721 2408 sor

48 2417 79 2457 (her
85 2421 136 2461 cirino)
145 2423 167 2454 for
177 2424 234 2463 Cydno.
266 2426 338 2456 momine
343 2426 369 2457 her
399 2428 458 2465 pareret.

46 2467 221 2511 adimii’QRgatdur.
416 2474 620 2515 7÷etpossuitaitereumr.
651 2475 722 2508 eisoreis.

66 2524 74 2553 3
84 2518 188 2556 profetereutur
194 2519 219 2551 her
226 2531 241 2561 r²
247 2521 282 2550 Da
288 2520 301 2551 R
306 2521 328 2552 for
335 2531 368 2561 pro·
417 2531 434 2551 10
440 2522 532 2561 aenangelizo
537 2521 559 2562 (ff
560 2521 647 2564 euangelilo)
652 2523 675 2554 for
679 2534 722 2555 erran-

46 2561 120 2596 uterentur.
398 2571 448 2611 gelizo.

66 2621 75 2650 4
86 2618 116 2645 -et
126 2614 174 2646 before
183 2616 234 2657 ioseph
243 2617 269 2648 her
279 2626 293 2657 r2
300 2619 335 2649 eR.
417 2626 432 2648 11
443 2619 468 2649 dni
474 2618 496 2648 for
503 2619 578 2650 Dominus.
