1598 2809
261 119 313 155 THE
326 118 415 156 CELTIC
427 118 531 156 GOSPELS
569 116 735 167 [Mirr.v111.11-
794 143 796 178 ἶ

172 210 214 237 cum
223 198 324 238 ebracham
333 204 352 238 et
361 199 398 238 isac
407 204 425 239 et
434 199 487 238 iacob
496 200 515 237 in
524 211 581 249 regno
796 239 798 243 ,

171 262 266 302 caelorum
276 261 328 302 Utin
338 268 402 303 autem
411 262 463 312 regni
471 262 526 301 huius
534 263 568 302 eici
713 267 735 302 32
795 256 799 309 ᾖ

173 332 226 366 entur
235 328 340 366 intenebras
348 328 451 366 exteriores
459 327 485 365 ibi
494 327 529 366 erit
537 327 561 366 fle

172 396 203 431 tus
212 397 231 431 et
239 392 309 430 stridor
317 391 400 430 dentium
409 389 424 413 1³
430 398 448 430 et
458 391 506 429 dixit
514 391 543 429 ihs
552 397 606 431 cento

175 455 223 494 rioni
232 456 281 494 uado
290 456 337 494 sicut
346 454 440 494 credidisti
449 453 482 492 fiat
490 453 524 492 tibi
533 462 552 493 et
560 468 582 494 sa

175 518 224 557 nitas
233 525 262 558 est
271 532 316 569 puer
324 518 381 557 exilia
391 519 437 557 hora
467 516 480 570 f
486 519 515 557 dit
524 523 578 557 socru

177 580 192 605 1⁴
199 582 225 621 Et
233 595 276 621 cum
285 582 367 621 uenisset
375 582 404 620 ihs
413 582 507 620 indomum
516 582 592 632 petrini

177 645 215 684 eius
224 646 316 685 iacentem
325 651 344 685 et
352 645 487 685 febricitantem
496 644 511 668 1⁵
517 652 536 684 et
544 646 607 696 tetigit

178 721 255 748 manum
264 709 303 747 eius
312 715 332 747 et
340 708 414 748 demisit
423 722 464 748 eam
473 708 528 748 febris
537 716 556 749 et
564 723 595 748 sur

178 773 228 812 rexit
236 778 255 812 et
264 773 381 812 ministrabat
390 774 416 812 eis
425 772 440 795 1⁶
446 786 522 824 uespere
530 780 594 813 autem

178 838 228 876 sacro
237 836 351 876 obtuderunt
359 837 375 876 ei
386 837 455 877 multos
464 838 552 877 demonic

179 901 268 939 habentes
277 901 351 938 curauit
359 899 401 938 17ut
410 901 558 951 adinplereturx.

179 963 302 1015 quoddictum
312 970 340 1002 cst
349 964 453 1014 pcresaiam
463 964 555 1014 profetam

179 1027 271 1068 dicentem
278 1028 322 1078 quia
330 1027 370 1078 ipse
379 1027 496 1068 infirmitates
505 1037 577 1068 nostras

180 1092 247 1143 accipit
256 1099 275 1131 et
284 1092 408 1143 egrotationes
417 1093 499 1143 portabit
505 1091 518 1146 s
524 1107 546 1132 ea
556 1107 576 1133 se

181 1157 195 1180 ¹⁸
202 1156 274 1194 Uidens
281 1162 345 1194 autern
355 1156 383 1193 ihs
391 1156 456 1194 turbas
465 1158 534 1195 multas
543 1159 569 1195 cir

183 1220 228 1258 iusir
237 1219 263 1257 ire
271 1223 323 1257 trans
332 1218 401 1257 fretum
410 1217 424 1242 ¹⁹
430 1225 449 1257 et
458 1220 543 1258 accidens
551 1222 575 1259 ad

182 1295 224 1322 eum
236 1295 283 1320 unus
291 1275 351 1320 scribo
360 1283 387 1321 ait
395 1282 422 1321 ilii
431 1283 521 1332 magister
529 1297 549 1322 se

182 1358 229 1396 quar
237 1351 257 1385 te
265 1357 344 1395 quocum
354 1359 390 1396 que
398 1345 440 1384 ieris
449 1344 463 1369 ²⁰
470 1354 489 1386 et
498 1348 566 1386 dixitei

183 1411 211 1450 ihs
220 1409 272 1461 ulpes
281 1412 344 1449 foueas
355 1411 425 1449 hubent
433 1417 453 1450 et
461 1411 545 1451 uolucres

184 1475 230 1514 coeii
239 1474 358 1513 tabernacula
366 1473 414 1512 filius
423 1480 485 1513 autem
495 1476 546 1516 homi

185 1540 213 1578 nis
222 1539 318 1578 nonhabet
327 1539 358 1576 ubi
367 1539 428 1588 capud
437 1540 513 1578 reclinet
522 1538 537 1562 2¹
544 1541 592 1579 alius

185 1609 248 1642 autem
257 1602 378 1651 dediscipulis
387 1603 425 1639 suis
434 1604 487 1641 aitiiii
496 1605 533 1641 dne
542 1618 575 1654 per

186 1666 240 1704 mitre
249 1666 295 1704 mibi
305 1677 379 1716 prmum
389 1665 416 1704 ire
424 1673 443 1705 et
452 1668 529 1716 sepelire
538 1674 611 1718 patrem

187 1742 249 1770 meum
258 1728 307 1768 ²2ihi
315 1736 378 1768 aurern
387 1730 414 1768 ait
423 1730 449 1768 illi
459 1744 537 1781 sequere
546 1738 603 1771 meet

187 1795 265 1832 demitte
274 1798 359 1832 mortuos
367 1793 445 1844 sepelire
455 1801 538 1834 mortuos

97 1857 341 1888 ttabrachamherforuhrahum.
370 1856 400 1887 isac
430 1858 495 1897 pleretuu
521 1857 753 1898 profetamlrkqher'fflDRior

77 1907 125 1935 ahot
130 1907 146 1935 ff
152 1906 166 1934 R
172 1906 194 1935 ior
200 1906 242 1934 isaac.
430 1905 520 1944 prophetam.
555 1906 623 1936 dicentem
629 1914 639 1935 ÷
644 1905 677 1943 quia
689 1904 739 1942 ubcgl
745 1914 754 1941 q

98 1962 113 1982 12
124 1953 224 1991 regni÷huius
237 1951 288 1991 tfffilr
301 1950 326 1980 her
337 1950 366 1980 dim
376 1955 401 1989 gn
430 1955 456 1991 gat
467 1953 492 1983 her
500 1953 537 1993 DQ.
566 1953 617 1993 accipit
626 1952 692 1992 ktPQR
700 1953 723 1982 for
731 1963 754 1982 ac-

78 1999 232 2040 petrocffDEQR
255 2008 265 2027 r
277 1998 318 2028 reads
330 1997 363 2028 here
372 1999 402 2031 ,erit
431 2000 472 2040 cepit.
508 2002 603 2040 egrotationcs
616 2006 664 2040 petroc
677 2001 755 2040 gatffut

79 2050 125 2080 oratio
132 2054 146 2079 et
152 2048 210 2085 stridor,
217 2047 245 2076 and
250 2055 267 2086 gl
274 2048 300 2077 erit
307 2046 347 2077 fletus
354 2047 401 2077 oculo·
432 2050 697 2090 DECTFWAforaegrotationes.
723 2060 754 2089 por·

78 2108 114 2129 rum.
432 2099 468 2128 tabit
474 2099 498 2128 her
505 2099 518 2128 T
525 2102 546 2127 ior
553 2098 620 2137 portauit.

99 2155 115 2184 13
126 2145 203 2176 centurioni
208 2144 233 2172 her
239 2145 264 2181 gat
271 2142 302 2172 DR
309 2143 381 2173 corrected
387 2147 403 2172 to
452 2145 469 2174 18
479 2145 516 2175 circa
526 2146 568 2175 ulem
581 2146 606 2175 her
615 2149 640 2183 gat
652 2130 722 2174 uouit
734 2144 756 2174 ior

79 2194 157 2225 centurioni
169 2194 188 2231 hy
197 2191 252 2229 erasiug
262 2190 286 2220 the
295 2194 321 2229 top
331 2190 347 2219 oi
356 2190 379 2221 the
389 2201 402 2221 o.
433 2193 491 2223 circum.
518 2195 552 2224 iusit
558 2205 569 2231 μ
575 2194 600 2223 her
606 2193 657 2222 PER
665 2194 686 2223 ior
692 2193 737 2223 iussit.

106 2246 140 2272 -et
146 2242 194 2271 beiore
200 2241 236 2270 sicut
242 2248 269 2278 agl
276 2244 301 2277 gat
307 2238 361 2267 DEW
366 2239 385 2269 X.
453 2250 470 2279 19
480 2242 545 2271 accidens
552 2241 623 2271 corrected
629 2245 645 2269 to
651 2240 723 2270 accedeus.

80 2291 132 2319 sanitas
145 2289 215 2318 corrected
228 2292 243 2316 to
257 2292 319 2315 sanutus
348 2286 404 2316 exilia
438 2288 585 2329 ÷adeumgleiL

80 2338 115 2367 hora
124 2337 200 2376 abcqlrgl
208 2336 241 2373 nug
251 2338 299 2373 petron
309 2338 333 2372 gut
341 2333 373 2363 RO
382 2333 405 2363 ior
483 2337 519 2367 dixit
528 2339 553 2367 her
561 2338 593 2377 QH
602 2338 624 2366 sor
633 2337 672 2367 dicit.
701 2336 757 2376 uipeslr

81 2387 96 2417 iu
102 2386 136 2416 horu
143 2385 173 2416 du.
434 2388 449 2417 D
456 2387 527 2416 corrected
534 2393 548 2415 to
555 2385 610 2424 uulpes.
630 2384 661 2415 The
668 2390 737 2415 corrector
743 2384 759 2414 oi

101 2442 118 2473 15
128 2431 367 2465 demisitkherdTRiordimisit.
435 2433 642 2472 Dgivesnidostubemnculu.
669 2435 759 2474 capudqgut

101 2483 118 2511 16
129 2482 214 2512 obtullerunt
223 2480 293 2511 corrected
301 2485 316 2510 to
324 2479 406 2510 obtulerunt
435 2483 490 2523 QRW
498 2482 519 2511 tor
526 2486 572 2521 capnt.

82 2531 128 2568 ligat
138 2535 187 2570 petroc
199 2530 221 2560 ior
233 2529 319 2568 optulerunt.
345 2527 405 2557 rrefldt
455 2530 674 2568 crurinaliusisinligature.
703 2530 760 2560 suisior

83 2578 168 2618 opluteruut.
199 2575 406 2615 -eteiciebatspiritusuerbo
436 2581 469 2612 eius.
499 2578 731 2618 mihiabcgstrqrngatiorme.

83 2631 97 2657 et
103 2637 151 2656 omnes
157 2628 194 2656 male
199 2627 265 2655 hahentes
270 2625 332 2662 through
338 2625 405 2652 homoeo-
435 2638 491 2669 prmum
498 2628 526 2666 stip
533 2628 555 2656 sor
561 2628 627 2665 primum,

83 2674 150 2706 teleuiou·
456 2685 472 2706 22
483 2675 542 2706 demitte
549 2675 558 2703 lr
565 2675 589 2704 her
596 2679 621 2713 gat
627 2673 657 2704 OV
665 2675 687 2704 ior
693 2674 751 2705 dimitte.

102 2729 119 2761 17
129 2721 273 2761 udinptereurhertr
280 2719 406 2750 DRCforadim-
