1598 2809
15 39 197 91 -uuexxruul
220 43 271 79 Tun
284 43 487 82 catricoosmrs
563 36 565 38 ’
670 48 691 93 33

128 123 158 162 fici
167 124 233 162 discite
242 125 351 173 parabolam
361 137 404 163 cum
413 126 450 164 iam
460 138 522 166 ramus

127 187 166 226 eius
175 193 228 227 tener
237 186 292 226 fuerit
301 195 320 227 et
329 188 373 228 folia
382 194 426 227 nata
435 190 486 228 scitis
495 191 538 241 quia

127 265 186 303 prope
195 257 223 290 est
232 259 293 292 aestas
303 251 317 275 ³³
323 253 350 292 ita
358 258 377 291 et
386 265 420 291 uos
430 266 472 292 cum
481 256 544 294 uidere

127 316 151 356 tis
159 316 206 354 haec
215 318 279 354 omnia
288 317 355 356 scitote
364 318 407 367 quia
415 330 475 367 prope

127 386 155 419 est
164 379 243 418 inianuis
252 379 266 402 ³³
271 393 326 420 amen
335 381 377 420 dico
386 381 439 420 uobis
448 381 492 430 quia
501 394 539 421 non

127 443 236 493 praeteribit
244 443 290 482 haec
299 444 395 494 generatio
404 445 464 483 donec
473 446 536 484 omnia

127 508 173 546 haec
182 507 227 545 fiant
237 505 252 528 ³³
258 508 330 547 caelum
339 514 358 547 et
366 514 416 547 terra
425 509 509 548 transibo

128 577 149 610 nt
158 571 216 610 uerba
225 584 270 610 uero
279 585 321 611 mea
329 574 496 623 nonpraeteribunt

127 635 142 658 ³⁶
148 636 209 675 Dedie
218 640 281 675 autem
290 636 322 675 illa
331 642 350 676 et
359 637 405 676 hore
414 650 469 676 nemo
477 638 512 678 scit

127 713 187 751 neque
196 699 258 750 angeli
267 701 361 740 caelorum
370 702 404 740 nisi
414 708 468 753 pater
476 715 497 741 so

127 765 156 803 lus
190 762 205 786 ³³
212 763 265 802 Sicut
273 770 336 803 antem
346 765 432 803 indiebus
440 777 477 804 noe
484 767 511 804 ita

127 826 142 850 ³³
148 834 192 866 ante
201 826 279 866 diluium
288 829 407 868 comedentes
415 834 434 867 er
443 829 529 869 bibentes

128 899 147 931 et
157 892 249 930 nubentes
258 899 277 931 et
285 898 365 942 nuptum
373 884 470 931 tradentes
480 907 501 932 us

128 969 164 1006 que
172 955 240 994 adeum
249 956 298 994 diem
308 969 346 1006 quo
355 957 431 995 intrauit
440 958 480 995 inar

127 1033 168 1060 cam
177 1032 213 1059 noe
222 1019 236 1042 ³³
242 1026 261 1058 et
270 1033 306 1059 non
316 1028 443 1071 cognorerunt
451 1022 511 1061 donec
520 1035 544 1061 ue

128 1085 156 1123 nit
165 1084 244 1122 diluium
253 1090 272 1122 et
280 1084 322 1123 tulit
365 1097 430 1123 omnes
439 1086 465 1123 ita
474 1087 508 1125 erit

127 1154 147 1187 et
156 1148 249 1187 aduentus
257 1148 290 1186 filii
299 1148 404 1187 hominis
413 1147 428 1170 ⁴⁰
435 1145 489 1188 Tunc
497 1150 536 1188 duo

127 1218 181 1251 erunt
189 1213 254 1261 inagr'o
263 1225 310 1250 unus
319 1214 428 1251 adsumetur
437 1220 455 1251 et
464 1226 511 1252 unus

127 1276 241 1326 relinquetur
249 1274 264 1298 ³³
271 1277 318 1314 duae
327 1276 419 1315 molentes
427 1277 496 1315 inmolet
506 1290 542 1316 una

128 1341 237 1378 adsumetur
246 1344 264 1377 et
274 1352 311 1378 una
320 1340 435 1390 relinquetur
444 1338 459 1361 ³³
466 1341 527 1391 uigela

127 1410 147 1441 te
155 1416 200 1453 ergo
209 1403 253 1452 quia
262 1404 335 1440 nescitis
344 1416 382 1453 qua
391 1405 426 1440 dns
434 1410 533 1442 uesteruen

127 1472 180 1505 turus
188 1465 213 1504 sit
221 1463 236 1488 ³³
241 1465 287 1506 illud
296 1472 359 1505 autem
369 1466 436 1506 scitote
445 1468 533 1516 quoniam

128 1533 144 1569 si
153 1532 208 1569 sciret
217 1537 270 1580 pater
279 1531 358 1569 familias
367 1545 404 1581 qua
413 1532 459 1570 hora
467 1532 496 1571 fur

129 1601 218 1633 uenturus
227 1600 276 1633 esset
285 1595 371 1645 uigilaret
380 1595 445 1645 utique
453 1601 472 1633 et
481 1596 533 1635 nonsi

128 1665 181 1697 neret
189 1657 276 1709 perfodiri
286 1660 363 1698 domum
372 1671 425 1698 suam
435 1657 451 1681 ³³
456 1659 536 1710 ideoque

129 1730 147 1762 et
156 1736 190 1762 uos
199 1729 261 1762 estote
270 1724 330 1774 parati
339 1725 383 1774 quia
392 1723 466 1763 nescitis
475 1737 512 1775 qua

37 1849 146 1888 3aparabulam
168 1849 293 1887 lmhergatRO
318 1849 341 1878 for
354 1867 355 1870 =
369 1848 693 1885 duoinlectounusassumetur,etunusre-

17 1898 104 1935 parabolam.
370 1897 443 1936 linquetur,
455 1897 502 1927 which
512 1907 571 1937 appears
581 1898 595 1926 in
606 1897 630 1926 the
640 1897 693 1926 Sixline

37 1954 54 1983 33
67 1945 134 1976 nideretis
141 1945 182 1984 ant
189 1944 210 1974 lor
217 1944 284 1975 uhieritis⁴
371 1944 433 1984 angate
444 1944 469 1975 but
475 1945 499 1976 the
506 1945 594 1976 Clementine
601 1955 619 1983 vg
626 1944 669 1974 omits
676 1944 692 1973 it.

37 2000 54 2032 37
67 1994 109 2024 -erlt
115 1994 201 2025 etadnentus
206 1993 232 2023 lilii
238 1992 299 2023 hominis
305 1993 341 2024 sicut
369 1994 383 2024 n
390 1994 402 2024 is
409 1993 458 2034 found,
464 1994 533 2031 however,
540 1994 555 2024 in
561 2004 571 2024 o
577 1993 615 2034 bfffi
634 1992 659 2022 VO
669 1992 693 2022 de-

18 2042 56 2071 enim
67 2046 106 2072 erant
115 2043 130 2071 in
140 2042 194 2078 diebus,
205 2041 265 2079 through
273 2042 341 2071 homoeo-
370 2047 409 2079 ports
414 2042 451 2071 from
457 2042 481 2071 the
485 2042 569 2079 numbering
573 2042 589 2071 of
594 2042 618 2071 the
623 2041 660 2070 Au.
665 2041 693 2069 end

18 2088 81 2119 teleuton
87 2089 122 2120 efter
128 2089 153 2119 ita.
371 2089 413 2126 R.V.,
419 2088 466 2118 which
471 2089 483 2119 is
488 2100 514 2119 one
518 2100 556 2119 verse
561 2088 614 2119 behind
618 2091 634 2117 to
639 2086 694 2118 theend

37 2138 124 2175 38diluium
136 2137 219 2176 r2her'tPR
232 2138 253 2167 for
266 2137 340 2168 diluuium*
371 2137 485 2177 ofthechapter.
504 2135 693 2175 Nestle'snnmberingfol-

49 2192 78 2217 ÷et
84 2186 120 2216 aiter
125 2188 188 2216 bibentes
193 2187 237 2224 barm
243 2186 272 2216 her.
370 2187 406 2215 lows
412 2187 436 2215 the
443 2186 480 2216 ΑΝ.
487 2188 516 2216 and
522 2187 565 2223 R.V.,
571 2196 587 2214 as
593 2186 627 2214 does
634 2185 664 2213 also
669 2184 693 2213 the

37 2234 340 2274 39diluiumr1zpherffllfordlluninm.
370 2234 463 2265 Clementine.
483 2234 529 2265 These
541 2245 565 2264 are
580 2232 647 2263 followed
660 2232 693 2262 here

28 2278 78 2314 'After
84 2283 116 2313 tulit
123 2283 162 2313 there
168 2292 228 2322 appears
237 2287 252 2313 to
259 2282 341 2313 beabrealz
370 2284 385 2313 ln
395 2283 474 2322 preference
482 2288 498 2313 to
507 2283 532 2312 VO
542 2282 566 2313 till
575 2282 599 2311 the
609 2281 636 2311 end
646 2281 662 2311 of
668 2280 693 2310 the

18 2329 32 2358 lu
42 2332 66 2362 the
75 2332 158 2371 parchment
167 2332 278 2371 corresponding
287 2336 302 2361 to
310 2332 342 2361 that
370 2332 432 2370 chapter.
460 2332 523 2370 uigelete
529 2332 543 2360 D
550 2332 572 2360 for
577 2329 640 2369 uigilare.

19 2386 37 2407 on
42 2379 67 2410 the
73 2380 113 2411 other
119 2380 150 2409 side
156 2379 172 2410 of
177 2379 201 2409 the
207 2379 243 2409 shln.
373 2379 424 2409 —hora
429 2378 445 2417 ff
447 2378 482 2408 after
488 2388 520 2418 qua.

36 2436 55 2465 40
65 2428 93 2457 and
103 2437 119 2467 41
130 2428 211 2457 adsumetur
220 2427 342 2468 abdfffglbqrp
366 2433 371 2443 ‘
389 2437 408 2466 44
417 2427 496 2466 ideoquef
502 2427 527 2456 her
535 2427 552 2455 ΞΡ
559 2430 584 2466 gat
594 2426 693 2465 EQCTBF

19 2473 342 2514 EuQRCTBAoOYZArorassume-
372 2475 455 2505 oforideo.
480 2474 693 2515 uescitisquahorabfflrrpl)

19 2524 45 2552 tur,
61 2524 148 2562 Hereagain
156 2523 181 2553 VO
189 2524 232 2553 editio
241 2523 287 2553 minor
296 2523 342 2553 differs
371 2522 516 2561 EQRTOKIVTV
525 2522 552 2552 Hil
562 2522 585 2552 for
596 2532 625 2562 qua
637 2524 693 2553 nescitis
741 2550 743 2554 .

17 2568 54 2601 from
60 2571 84 2602 the
91 2572 134 2602 editio
140 2571 190 2602 maior.
371 2571 410 2602 hora.

37 2631 53 2661 42
64 2622 94 2653 Our
103 2623 134 2653 MS.
144 2623 181 2653 with
190 2622 215 2652 VO
225 2623 267 2653 omits
276 2633 315 2654 verse
323 2633 340 2663 4²
