1598 2809
276 97 328 132 THE
340 95 429 133 CELTIC
442 94 545 132 GOSPELS
584 93 652 144 [Mart.
661 102 705 130 xxti.
716 103 750 139 7-

184 178 235 217 cidas
244 177 286 215 illos
295 183 314 215 et
323 177 419 216 ciuitatem
428 177 503 215 illorum
512 188 579 215 succen

185 243 215 282 dit
223 241 229 264 ⁸
236 247 282 281 tunc
290 242 317 281 ait
325 242 384 281 seruis
392 242 429 280 suis
437 240 514 291 nuptiae
523 241 579 291 quide

185 311 262 356 paratae
271 310 314 343 sunt
323 306 356 344 sed
365 304 396 354 qui
405 304 479 342 inuitati
488 309 541 342 erant

185 370 298 409 nonfuerunt
306 371 358 420 digni
367 369 408 407 ⁹ite
416 380 461 420 ergo
469 369 557 408 adexitus
567 370 586 407 ul

186 448 239 474 arum
249 442 267 474 et
277 446 374 484 quoscum
383 446 419 483 que
428 434 539 472 inueneretis
548 446 572 472 uo

186 504 228 538 cate
237 499 338 549 adnuptias
346 497 362 520 ¹⁰
367 505 386 537 et
395 497 455 548 egresi
463 498 512 535 serui
521 497 561 536 eius
570 497 589 537 in

186 565 226 601 uias
235 567 396 612 congregauerunt
405 573 470 598 omnes
478 573 525 609 quos
535 561 577 598 inue

186 630 254 665 nerunt
263 625 322 664 malos
331 631 350 663 et
358 624 418 664 bonos
426 629 445 662 et
454 624 541 672 impletae
550 630 594 663 sunt

186 690 262 740 nuptiae
271 688 427 728 discumbentium
436 686 452 709 ¹¹
458 688 539 727 intrauit
548 694 591 728 aute

186 767 219 793 rex
228 760 249 792 ut
258 753 330 792 uideret
341 753 479 791 discumbentes
487 759 506 791 et
516 753 563 791 uidit
572 753 598 792 ibi

185 817 280 857 hominem
289 817 418 856 nonuestitum
427 824 479 856 ueste
488 816 566 867 nuptiali

185 880 201 904 Π
206 886 225 920 et
234 881 260 920 ait
269 879 295 919 illi
304 880 364 919 amice
374 881 470 931 quomodo
479 880 515 919 huc
523 882 596 921 intrasti

186 945 294 985 nonhabens
302 951 374 983 uestem
383 944 486 995 nuptialem
495 950 515 984 at
524 944 555 983 ille

186 1008 281 1048 obmutuit
289 1007 304 1029 1³
311 1014 355 1047 tunc
364 1008 413 1047 dixit
422 1020 455 1047 rex
465 1007 554 1047 ministris
566 1008 603 1057 liga

186 1073 210 1110 tis
219 1071 304 1109 manibus
313 1077 331 1108 et
341 1071 421 1121 pedibus
430 1070 499 1108 mittite
508 1085 550 1110 euin
560 1072 579 1109 in

187 1136 273 1176 tenebras
282 1134 385 1175 exteriores
394 1135 419 1174 ibi
429 1134 463 1174 erit
472 1135 527 1175 fletus
536 1141 554 1175 et

186 1200 254 1240 stridor
263 1201 348 1238 dentium
358 1198 373 1222 ¹¹²
380 1199 434 1238 multi
442 1206 506 1238 autem
516 1206 559 1240 sunt

186 1265 248 1303 uocati
258 1265 312 1314 pauci
322 1277 366 1303 uero
375 1264 428 1303 electi
456 1262 556 1316 siecerunt

187 1327 202 1351 1⁵
208 1327 261 1367 Tunc
270 1329 360 1367 abeuntes
369 1328 440 1367 sarissei
449 1327 546 1367 consilium

188 1399 209 1431 ut
218 1397 304 1442 caperent
313 1405 356 1430 eum
365 1393 470 1430 insermone
479 1390 519 1430 1sset
528 1393 605 1432 mittunt

188 1457 205 1495 ei
213 1455 315 1505 discipulos
324 1468 367 1494 suos
376 1468 418 1494 cum
427 1455 528 1494 hirodianis
537 1457 556 1493 di

188 1525 251 1559 centes
261 1519 348 1569 magister
357 1520 425 1558 seimus
433 1519 477 1568 qula
485 1531 543 1557 uerax
553 1532 572 1557 es

189 1590 208 1622 et
217 1583 268 1620 uiam
276 1583 296 1620 di
304 1581 403 1621 inueritate
412 1581 469 1620 doces
478 1587 497 1620 et
505 1594 542 1620 nen
552 1588 579 1621 est

187 1646 221 1684 tibi
230 1659 274 1685 cura
282 1645 371 1696 dealiquo
379 1658 417 1684 non
426 1646 475 1684 enim
483 1646 558 1696 respicit

189 1710 311 1759 adpersonam
319 1710 416 1747 hominum
425 1708 477 1748 17dic
486 1723 531 1760 ergo
540 1711 593 1749 nobis

190 1774 234 1824 quid
242 1773 276 1812 tibi
285 1763 360 1812 uidetur
369 1773 413 1812 licet
422 1785 497 1811 censum
507 1774 547 1812 dari

190 1837 256 1876 cessari
266 1844 344 1875 autnon
354 1836 369 1859 1⁸
376 1838 450 1886 cognita
460 1844 523 1875 autem
533 1838 562 1876 ihs

190 1900 274 1950 nequitia
283 1912 347 1939 eorum
356 1900 383 1940 ait
392 1901 437 1950 quid
446 1912 476 1939 me
485 1905 537 1950 temp

188 1963 233 2003 tatis
241 1963 364 2014 hypochritae
372 1962 388 1986 ³⁹
395 1964 489 2004 ostendite
498 1965 544 2003 mihi
554 1977 598 2003 num

191 2027 259 2065 misma
268 2039 333 2065 census
341 2027 395 2065 atilli
404 2027 511 2067 obtulerunt
521 2029 537 2066 ei

192 2091 288 2130 denarium
297 2089 312 2113 2⁰
319 2096 337 2130 et
345 2091 371 2129 ait
380 2091 415 2130 illis
424 2092 453 2130 ihs
462 2092 515 2131 cuius
524 2097 552 2131 est

99 2220 108 2250 9
117 2210 202 2241 inueneretis
208 2210 233 2240 her
237 2209 260 2239 for
266 2209 352 2240 inueneritis.
434 2210 527 2250 VZcoddvg
533 2211 555 2241 ior
559 2211 627 2242 uideatur.
648 2211 698 2242 cessari
705 2222 719 2250 η
725 2212 755 2242 dim

100 2267 118 2289 rc
128 2259 173 2298 egresi
180 2259 203 2289 fur
209 2259 269 2297 egressi,
434 2259 459 2289 lter
465 2260 479 2288 D
489 2260 505 2288 ff
515 2265 540 2298 gat
549 2260 572 2289 ior
581 2261 638 2290 caesari.
666 2265 690 2291 aut
700 2261 756 2300 abasgi

100 2316 117 2345 13
127 2307 192 2337 manibus
201 2311 215 2336 et
224 2307 285 2344 pedibus
292 2306 353 2345 (—eius)
359 2306 404 2344 fflra
432 2307 755 2347 gpyEQCTBgat(correctedtoan)toran.

81 2353 404 2394 TertGregDERiorpedibuseiusetmanibus.
455 2356 471 2384 18
478 2355 563 2394 temptatish
568 2363 575 2384 r
575 2355 591 2395 f
590 2355 621 2395 ffg1
626 2355 635 2386 ir
640 2356 696 2395 r12dim
701 2355 726 2386 her
731 2360 756 2395 gat

101 2409 118 2442 15
128 2402 339 2442 larisseirpDRiorpharissei.
368 2402 405 2433 lece·
435 2401 519 2433 DERCB
532 2402 554 2432 iar
569 2404 634 2434 lemtalis.
664 2403 756 2444 hypochritae

81 2456 113 2481 runt
120 2462 126 2480 c
130 2451 155 2491 fili
160 2451 233 2491 (aflieeeri)
238 2451 252 2480 D
257 2452 270 2490 Q
275 2451 288 2480 R
294 2450 316 2481 ior
322 2451 386 2482 inierunt.
436 2452 458 2481 for
463 2450 551 2490 hypocritae.
571 2451 610 2482 Here
617 2453 640 2482 the
648 2453 692 2483 scribe
698 2452 756 2493 departs

101 2498 118 2529 16
128 2499 159 2529 Tlre
165 2503 172 2529 t
178 2500 193 2529 in
199 2500 257 2530 mittunt
263 2500 275 2529 is
281 2499 356 2538 subscript.
435 2500 472 2529 irem
480 2499 502 2528 his
509 2500 539 2529 rule
547 2500 564 2529 ui
571 2509 613 2530 never
620 2501 662 2539 using
672 2511 680 2530 a
686 2510 699 2539 y
708 2506 757 2540 except

81 2546 159 2576 hirodianis
172 2547 197 2577 her
209 2547 231 2576 sur
244 2547 329 2578 herodianis.
435 2547 449 2576 in
456 2556 513 2585 moyses
519 2547 548 2577 aad
554 2547 615 2586 pylatus,

82 2595 330 2635 respicitladDQRiorrespicis.
456 2604 473 2635 19
482 2596 568 2626 nummisma
583 2600 608 2635 gat
623 2597 636 2626 E
649 2598 665 2627 ΞΡ
678 2596 691 2626 R
704 2597 720 2626 lL
735 2596 757 2626 ior

102 2648 118 2680 1'7
128 2644 183 2672 uidetur
197 2643 316 2682 abeffglhqr„
333 2644 366 2682 Aug
381 2648 406 2682 gat
436 2644 511 2673 noitiisma.
540 2643 672 2684 obtuleruutrleflr
682 2644 698 2673 ff
708 2644 758 2674 DET

82 2688 99 2729 <d
113 2690 175 2730 hidetur)
188 2691 220 2720 DE
234 2691 251 2719 'tl’
264 2690 351 2729 QRWCB
362 2691 405 2721 ltro
436 2690 623 2730 tVBeZsoroptuleruat.
