1598 2809
20 116 102 150 -Mnru
112 123 137 150 rx.
145 113 173 162 17]
221 116 273 150 THE
285 114 374 152 CELTIC
386 116 489 153 GOSPELS
672 127 692 163 ²7

128 207 206 246 sequere
215 209 245 234 me
254 202 273 235 et
281 209 358 248 surgens
367 210 419 236 secus
427 203 456 236 est
465 211 507 237 eum
513 197 527 251 s
532 213 575 238 ecce

130 258 145 283 1⁰
152 261 178 299 Et
187 261 257 300 factum
266 267 295 300 est
304 261 434 300 discumbente
442 274 465 300 eo
474 262 551 302 indomo

131 324 185 363 multi
194 324 288 376 publicani
297 332 316 364 et
324 331 431 375 peccatores
440 326 535 365 uenientes

130 388 272 428 discumbebant
281 403 324 429 cum
333 389 365 428 ihu
376 396 395 428 et
404 389 489 439 discipuli
498 390 536 429 eius
669 396 691 430 36

125 451 166 492 11et
175 453 260 493 uidentes
269 454 331 493 farisei
339 454 427 493 dicebant
435 453 522 505 discipuli
531 455 570 493 eius

130 530 187 566 quare
196 531 238 557 cum
248 517 351 567 publicanis
360 525 379 557 et
388 518 517 568 peccatoribus

130 581 231 619 manducat
240 582 328 631 magister
337 586 398 619 uester
407 579 480 619 ¹²adihs
489 582 532 619 audi

129 656 161 683 ens
170 645 197 684 ait
206 657 243 683 non
252 651 280 683 est
289 657 336 697 opus
345 645 449 684 ualentibus
459 645 509 683 medi

130 721 162 748 cus
170 709 254 749 sedmale
262 710 374 749 habentibus
382 708 398 732 ¹³
404 715 468 749 euntes
477 716 541 750 autem

129 773 196 811 discite
204 774 275 822 quidsit
283 773 439 812 missericordiam
449 773 493 812 uolo
501 781 520 812 et

128 849 166 875 non
175 838 285 877 sacrificium
295 838 391 877 nonenim
401 838 444 876 ueni
454 850 521 877 uocare

129 901 188 938 iustos
199 901 232 938 sed
241 907 348 951 peccatores
383 899 399 922 14
406 901 460 938 Tunc
469 907 586 940 accesserunt

129 965 197 1003 adeum
206 964 292 1014 discipuli
301 964 384 1003 iohannis
393 965 476 1003 dicentes
485 976 522 1014 qua

129 1041 149 1066 re
157 1041 191 1067 nos
200 1034 219 1067 et
227 1028 288 1067 farisei
297 1028 401 1067 ieiunemus
410 1030 515 1078 frequenter

129 1091 215 1144 discipuli
224 1097 287 1131 autem
296 1092 323 1132 tui
332 1103 369 1131 non
378 1092 435 1132 ieiunt
444 1089 459 1114 ¹⁵
465 1097 484 1131 et
492 1092 519 1131 ait
528 1091 565 1131 illis

130 1156 158 1195 ihs
167 1157 259 1207 numquid
268 1162 346 1207 possunt
355 1156 398 1195 filiis
407 1155 525 1207 ponsilugere

129 1234 186 1271 quarn
195 1222 227 1260 diu
237 1233 279 1259 cum
288 1221 324 1258 illis
333 1227 361 1258 est
370 1233 449 1270 sponsus
458 1221 533 1259 uenient

127 1292 190 1324 autem
199 1284 239 1323 dies
248 1297 290 1322 cum
299 1283 393 1323 auferetur
401 1283 452 1322 abeis
461 1297 509 1333 spon

128 1359 159 1385 sus
193 1353 212 1385 et
221 1352 266 1386 tunc
274 1347 383 1386 ieiunabunt
392 1348 411 1386 in
420 1347 456 1386 illis
464 1347 530 1387 diebus

129 1408 144 1430 1⁶
151 1410 214 1448 Nemo
222 1416 286 1448 autem
294 1411 397 1449 committit
405 1411 547 1449 commissuram

129 1473 185 1523 panni
194 1472 244 1511 rudis
253 1473 407 1513 inuestimentum
416 1479 470 1513 uetus
479 1472 506 1512 tol

129 1538 150 1576 lit
159 1538 208 1576 enirn
218 1537 353 1587 plenitudinem
362 1538 400 1576 eius
409 1537 534 1577 auestimento

128 1609 147 1640 et
156 1602 208 1652 peior
217 1602 296 1641 scissura
305 1602 326 1640 fit
335 1600 350 1624 ¹⁷
357 1614 418 1652 neque
427 1602 504 1641 mittunt
513 1603 557 1641 uinr‘r

129 1678 198 1705 nouum
208 1665 279 1705 inutres
288 1673 360 1705 ueteres
369 1666 453 1716 alioquin
462 1679 503 1704 rum

128 1735 196 1778 pentur
204 1736 255 1766 utres
263 1734 282 1766 et
291 1730 356 1766 uinum
368 1729 472 1766 effundetur
481 1736 500 1766 et
509 1743 521 1766 u

129 1797 167 1831 tres
175 1791 262 1842 peribunt
270 1792 303 1830 sed
312 1792 376 1830 uinum
385 1804 455 1830 nouum
465 1793 514 1831 inutr

129 1873 149 1898 es
158 1873 217 1899 nouos
227 1861 304 1899 mittunt
313 1866 332 1898 et
341 1861 398 1899 ambo
406 1845 517 1901 conseruani

17 1952 49 1973 neo.
77 1943 150 1973 matheum
156 1943 181 1973 her
188 1947 213 1982 gat
221 1942 268 1972 ERV
277 1943 298 1972 ior
305 1946 341 1972 mat·
389 1952 406 1982 14
416 1944 432 1973 In
439 1948 526 1974 accesserunt
531 1948 548 1973 nt
554 1943 565 1972 is
572 1943 586 1972 in
593 1943 653 1981 ligature
659 1942 694 1973 with

17 1990 70 2022 theum⁴
99 1992 199 2031 VOiswrong
207 1992 221 2021 in
229 1991 291 2030 printirrg
300 2000 339 2020 sceus
370 1992 459 2030 tsuhscript.
486 1992 533 2022 farisei
545 1992 567 2021 for
580 1991 655 2029 pharisaei.

17 2037 38 2067 sor
48 2048 74 2068 our
83 2038 142 2078 reading
150 2039 188 2069 here.
207 2038 242 2068 Itis
252 2038 322 2078 probably
331 2047 340 2066 a
370 2038 414 2070 leiunt
419 2040 491 2069 corrected
496 2044 511 2069 to
516 2041 584 2069 ieiunant.

17 2086 82 2126 mispriht
88 2088 110 2118 ior
118 2086 201 2119 Scrivener's
208 2089 256 2117 ‘secus
262 2086 295 2126 (pro
301 2095 340 2117 seeu-
391 2097 407 2127 15
418 2088 449 2119 The
456 2089 500 2119 scribe
507 2093 551 2118 wrote
559 2087 592 2117 filiis
600 2086 693 2126 ponsilugere.

17 2135 45 2172 ms)
51 2135 55 2148 ⁷
62 2134 109 2164 which
115 2135 127 2163 is
134 2140 191 2164 correct.
371 2138 385 2165 A
392 2137 417 2166 dot
423 2146 453 2165 uas
459 2137 492 2166 then
498 2137 549 2175 placed
554 2136 617 2164 between
623 2136 647 2164 the
653 2136 660 2163 i
666 2136 693 2164 and

37 2191 54 2211 10
61 2182 179 2221 discipuhDRr
185 2181 289 2220 lordiselpulis.
302 2181 340 2211 VO’s
371 2184 395 2213 the
401 2195 413 2222 s,
418 2184 461 2214 while
466 2185 491 2213 the
496 2194 504 2214 s
510 2194 539 2213 was
545 2184 598 2222 looped
604 2187 640 2220 top,
645 2183 694 2221 giving
742 2179 743 2183 ¹

17 2237 49 2261 note
56 2232 89 2262 here
99 2232 133 2261 with
143 2232 164 2261 L*
170 2233 182 2262 is
192 2233 260 2262 incorrect
270 2240 286 2261 as
295 2232 307 2262 it
316 2233 340 2260 be·
370 2233 493 2273 fillisponsilugere
506 2234 528 2263 lor
540 2233 567 2262 filii
578 2232 626 2271 sponsi
640 2232 693 2270 lugere.

17 2279 58 2320 longs
65 2286 80 2312 to
87 2281 110 2311 the
117 2286 150 2311 next
156 2291 200 2311 verse.
402 2281 431 2313 ÷in
442 2281 471 2311 illis
484 2282 533 2312 diebus
546 2279 649 2318 abcdglhqp
663 2279 693 2308 dim

38 2337 53 2358 11
61 2329 110 2359 'farisei
117 2337 126 2357 a
132 2329 146 2358 R
151 2329 173 2358 lor
178 2329 253 2368 pharisaei.
274 2327 340 2367 discipuli
371 2332 419 2369 petroc
426 2328 479 2367 DEQ.

17 2376 51 2407 with
60 2387 67 2407 s
75 2378 120 2408 above
128 2377 152 2406 the
159 2377 187 2407 line
194 2387 210 2407 as
216 2387 225 2406 a
231 2377 309 2406 correction
319 2376 341 2406 for
391 2377 407 2406 16
417 2377 494 2406 committit
500 2387 509 2405 a
514 2375 569 2415 bcfqu
576 2375 599 2404 lrer
604 2375 618 2404 D
623 2375 639 2404 ΞΡ
644 2375 658 2412 Q
664 2373 694 2413 (pe-

17 2424 94 2464 discipulis.
370 2429 401 2455 troc
407 2424 457 2461 mittit)
464 2424 485 2453 ior
492 2424 555 2454 inmittit.

37 2482 53 2501 12
63 2472 97 2502 adl
106 2473 121 2501 ΙΙ,
129 2472 200 2502 corrected
208 2476 223 2501 to
230 2477 249 2501 at.
278 2472 340 2502 medicus
390 2480 407 2512 17
417 2477 499 2511 rumpentur
507 2474 525 2501 bc
524 2472 539 2511 f
539 2471 606 2510 fflqup
615 2470 640 2499 her
649 2476 674 2510 gat
680 2471 694 2499 R

17 2521 37 2550 ab
42 2522 110 2561 fflgffrq
120 2521 154 2560 Aug
162 2522 187 2551 her
198 2524 223 2560 gat
232 2521 341 2560 petrocDER
370 2521 486 2560 iorrurnpuntur.
514 2518 694 2559 effundeturbtfffiffihq

17 2570 53 2600 TW
60 2570 97 2600 codd
103 2581 122 2609 vg
129 2571 150 2599 ior
156 2570 217 2600 medico.
371 2569 400 2598 dim
405 2569 431 2598 dur
436 2569 461 2598 her
466 2572 491 2607 gat
496 2569 510 2597 D
515 2569 527 2597 E
532 2569 546 2597 H
552 2572 563 2597 Θ
568 2567 581 2605 Q
587 2567 609 2596 ior
614 2567 695 2598 effunditur,

37 2628 53 2656 13
63 2617 327 2658 quidsitbdglqupheriorquidest.
398 2617 463 2655 peribunt
475 2616 544 2656 bcffllffiq
550 2626 560 2653 μ
570 2615 600 2644 dim
610 2620 635 2654 gat
645 2615 694 2645 EOR

17 2665 340 2704 missencordramherDffgnformisericor-
370 2665 459 2705 iorpereunt.
488 2668 574 2695 conseruent.
594 2663 696 2704 Atthetopof

17 2714 59 2745 diam.
72 2718 116 2745 mlam
121 2715 133 2745 is
138 2714 158 2744 all
163 2714 193 2745 that
198 2715 237 2746 there
243 2714 255 2744 is
261 2714 276 2743 iu
282 2714 297 2743 lL
303 2714 341 2744 here.
