1598 2809
21 134 129 169 -Mntnh
139 131 168 182 26]
226 135 279 170 THE
290 134 379 173 CELTIC
391 136 494 175 GOSPELS
677 153 697 188 13

132 220 161 252 tas
169 217 250 264 nonueni
260 217 332 253 soluere
342 217 374 253 sed
384 217 505 269 adinplere
675 226 697 259 18

131 276 146 300 ¹³
153 278 217 317 Amen
225 278 295 330 quippe
304 280 402 319 dicouobis
410 280 470 319 donec
479 287 542 322 transe

132 347 152 381 at
161 341 233 383 caelum
243 349 262 382 et
271 350 319 383 terro
328 343 356 383 ito
365 356 423 383 unum
431 351 465 385 aut
473 350 521 385 unsis

132 419 182 456 apex
191 399 341 458 nonpraeteribir'
347 408 400 458 alege
409 421 510 460 usquequo

132 471 195 510 omnia
204 472 250 512 fiant
259 471 273 494 ¹⁹
279 473 312 523 qui
321 473 370 511 enim
380 472 457 512 soluerit
466 487 523 513 unum

132 535 250 574 demandatis
260 537 299 576 istis
309 538 390 575 minimis
398 543 417 575 et
427 538 511 577 docuerit

129 598 156 638 sic
163 600 247 639 homines
257 600 343 638 minimus
353 601 451 639 uocabitur
459 603 511 653 integ

131 675 156 701 no
165 663 259 702 caelorum
269 664 301 716 qui
310 670 373 703 autem
382 665 446 704 iecerit
455 672 474 704 et
483 667 543 705 docue

131 727 155 766 rit
163 727 194 766 hic
203 740 282 779 magnus
290 729 387 767 uocabitur
396 729 415 767 in
425 742 483 780 regno
492 743 524 769 cae

130 791 191 831 lorum
227 790 242 815 ²⁰
248 792 298 831 Dico
307 792 356 832 eninr
365 792 418 832 uobis
426 793 471 844 quia
479 794 515 834 nisi
524 794 574 834 abun

130 857 202 896 dauerit
211 857 283 896 iustitia
292 863 354 896 uestra
362 857 474 909 pluusquam
483 860 518 898 scri

130 920 197 959 borum
206 927 225 960 et
234 921 342 960 iariseorum
352 923 484 962 nonintrabitis
493 924 511 962 in

131 998 209 1035 regnum
217 985 310 1025 caelorum
320 984 334 1008 2¹
341 987 419 1025 audistis
428 988 472 1037 quia
481 988 552 1027 dictum

131 1038 250 1098 estantiquis
259 1048 369 1087 nonoccides
377 1049 409 1099 qui
418 1055 481 1088 autem
491 1051 531 1089 occi

130 1113 179 1152 derit
187 1126 229 1151 rens
239 1113 273 1152 erit
282 1114 350 1152 iudicio
359 1111 374 1134 ²²
380 1110 415 1165 ego
424 1120 487 1153 autern
496 1115 565 1154 dicouo

130 1175 159 1217 bis
167 1178 212 1227 quia
220 1178 281 1216 omnis
289 1179 322 1227 qui
331 1177 415 1216 irascitur
424 1178 475 1217 iratri
485 1191 519 1217 suo

131 1253 172 1279 reus
181 1242 215 1280 erit
224 1241 293 1281 iudicio
301 1241 334 1291 qui
342 1247 406 1280 autem
415 1241 486 1280 dixerit
493 1241 522 1280 fro

131 1306 155 1343 tri
164 1317 198 1344 suo
207 1306 264 1344 racha
275 1317 316 1344 reus
325 1306 360 1343 erit
370 1306 450 1344 concido
458 1308 490 1356 qui
499 1312 543 1345 aute

129 1370 199 1408 dixerit
207 1370 270 1408 fatuae
279 1382 320 1407 reus
329 1370 363 1408 erit
372 1370 457 1418 gehenne
466 1371 514 1420 ignis
523 1369 538 1393 2³
544 1370 559 1408 si

130 1446 174 1482 ergo
183 1434 259 1471 offerres
268 1446 335 1471 munus
343 1439 397 1471 tuum
406 1433 490 1471 adaltare

126 1503 145 1535 et
154 1497 180 1536 ihi
188 1498 295 1536 recordatus
304 1498 359 1535 fueris
368 1499 411 1546 quia
421 1497 477 1536 frater

129 1567 173 1600 tuus
181 1561 240 1600 hahet
249 1562 449 1612 aliquidaduersurnte
457 1560 472 1584 Ἃ
478 1562 523 1600 telin

129 1638 166 1677 que
174 1625 200 1664 ibi
209 1639 276 1665 munus
284 1631 337 1665 tuum
346 1632 390 1665 ante
398 1625 457 1665 altare
466 1631 484 1664 et
494 1639 518 1665 ua

129 1691 152 1728 de
161 1690 211 1740 prius
220 1689 338 1727 reconciliare
347 1690 432 1728 fratrituo
441 1696 460 1728 et
468 1696 513 1728 tunc

128 1753 192 1791 uenies
201 1752 276 1795 offerres
285 1765 352 1790 munus
361 1757 414 1790 tuum
424 1751 438 1775 ²⁵
445 1758 485 1791 esto
494 1765 529 1790 con

129 1819 210 1866 sentiens
219 1818 325 1856 aduersario
334 1822 367 1856 tuo
376 1817 413 1856 cito
422 1819 467 1856 durn
477 1829 496 1856 es

128 1881 178 1919 inuia
188 1892 231 1919 cum
240 1892 262 1918 eo
271 1880 343 1918 neforte
352 1881 415 1918 tradat
424 1887 443 1918 te
452 1881 509 1919 aduer

128 1947 187 1985 sarius
196 1946 251 1985 iudici
261 1951 279 1984 et
288 1945 346 1983 iudex
356 1946 418 1984 tradat
426 1952 446 1984 te
459 1945 514 1984 minis

128 2016 157 2047 tro
167 2015 186 2047 et
194 2010 307 2047 incarcerem
316 2009 397 2047 mittaris
405 2007 420 2030 ²¹³
427 2021 482 2048 amen
491 2010 534 2047 dico

128 2073 164 2113 tibi
172 2073 264 2112 nonexies
272 2073 316 2112 inde
325 2072 384 2112 donec
393 2073 461 2113 reddas
469 2074 522 2113 nouis

37 2245 53 2278 17
64 2239 136 2279 adinplere
145 2239 185 2277 ιῑιόν2
195 2239 220 2269 her
229 2238 259 2268 lam
268 2239 285 2268 ff
291 2238 340 2268 DRC
370 2238 443 2268 Scrivener
449 2237 482 2268 here
489 2239 501 2268 is
506 2248 556 2276 wrong
562 2248 578 2267 as
583 2237 603 2267 oll
609 2237 633 2267 the
637 2236 694 2267 scribeh

18 2285 39 2315 sor
45 2286 128 2326 adimplere.
370 2285 392 2315 x's
397 2295 421 2315 nre
428 2285 453 2315 the
460 2295 504 2315 some.
523 2285 555 2315 The
561 2285 568 2314 i
572 2285 600 2314 and
606 2284 630 2314 the
635 2285 694 2314 cwonld

37 2335 54 2364 18
64 2334 84 2377 ito
91 2334 126 2365 with
132 2346 141 2364 a
147 2333 190 2364 small
196 2345 203 2363 o
210 2334 255 2364 above
263 2334 287 2363 the
294 2332 306 2362 z't
312 2334 341 2363 and
370 2334 388 2362 be
393 2339 418 2362 too
423 2333 493 2373 sarapart.
513 2334 560 2363 fatuae
565 2334 572 2362 b
577 2333 587 2363 lt
592 2343 606 2372 r!
612 2333 659 2371 EQR
664 2332 694 2362 TZ

18 2382 280 2422 thefinaloalteredtoaglvingiota.
305 2392 342 2413 nnus
370 2381 441 2412 lorlatue.
460 2380 694 2412 aeisoltenusedloreondefor

17 2430 81 2464 hasadot
85 2434 131 2463 above
135 2432 158 2463 the
162 2432 203 2462 marl<
207 2442 240 2462 over
244 2430 268 2463 the
272 2431 341 2462 secondo.
370 2439 386 2460 ae
396 2440 412 2460 as
421 2430 434 2459 is
441 2429 490 2460 shown
498 2430 513 2459 in
521 2429 600 2468 gehenneq
608 2428 639 2458 lam
645 2429 693 2460 ERO

45 2490 117 2520 usquequo
124 2482 146 2521 ior
152 2481 201 2510 donec.
370 2478 392 2507 for
398 2478 475 2515 gehennae.

37 2536 54 2566 19
60 2528 187 2567 enimobfdglmq
192 2527 341 2564 GildasDBiorergo.
390 2535 407 2563 23
417 2526 473 2554 olierres
480 2525 502 2553 for
507 2524 562 2554 offeres.

37 2584 54 2604 ro
60 2576 107 2616 pluris,
117 2587 126 2605 a
136 2577 183 2605 Celtic
195 2575 257 2615 spelling
267 2575 295 2603 and
308 2584 334 2613 pro
390 2582 407 2611 ²4
416 2573 464 2602 uenies
473 2581 488 2611 r2
497 2577 522 2611 gat
531 2572 563 2611 QE
572 2571 594 2601 ior
604 2572 667 2603 ueniens.

17 2625 167 2664 nunciationforplus.
196 2623 341 2653 ioriseorunrherlam
370 2619 693 2657 offerresahdlrlrenhcrgatllTDETll'H

17 2670 34 2699 ΞΡ
43 2672 57 2701 R
65 2671 87 2700 for
96 2672 206 2711 pharisaeorum.
371 2669 437 2699 ova
444 2668 466 2697 lor
473 2667 518 2697 offers.

36 2728 52 2749 22
69 2719 107 2751 VO’s
133 2719 192 2750 ‘dicerit
214 2717 243 2748 L*'
266 2717 341 2757 following
389 2715 638 2758 qz'smr'ssiwgfromr.z5tovi.4.
