1598 2809
16 68 184 119 —Luxuxx11.57]
220 72 271 107 THE
284 71 372 108 CELTIC
384 71 488 109 GOSPELS
543 79 545 81 “

115 151 242 202 addiscipulos
251 164 295 190 suos
304 151 376 190 inuenit
385 152 426 190 illos
435 153 521 191 dormien

113 222 142 255 tes
151 217 273 265 praetristitia
282 216 297 239 4⁵
304 223 323 256 et
332 217 359 255 ait
368 217 404 255 illis
413 218 458 266 quid
468 218 529 257 dormi

116 279 140 316 tis
149 284 200 317 orate
211 291 233 317 ne
242 280 313 317 intretis
322 281 486 329 intemptationem

115 339 130 365 4⁷
137 341 207 381 Adhuc
216 356 238 381 eo
248 342 335 392 loquente
344 357 387 381 ecce
395 342 451 381 turba
459 350 479 382 et
487 344 519 394 qui
528 358 575 383 uoca

115 408 171 446 batur
179 407 232 445 iudas
241 420 288 445 unus
297 408 420 446 deduodecim
427 416 474 447 'ante
519 412 520 415 ’

116 472 194 510 cedebat
203 484 235 510 eos
244 477 262 509 et
271 472 432 522 adpropinquauit
441 473 473 511 ihu
482 479 526 511 utos
535 498 536 501 =

116 536 209 574 cularetur
217 549 265 574 eum.
278 535 293 558 ¹²⁸
301 536 402 574 Osculatus
411 543 474 576 autem
483 537 532 575 dixit

116 599 132 636 ei
142 599 186 637 iuda
195 599 259 637 osculo
270 599 330 637 tradis
339 599 398 637 filium
406 600 487 638 hominis
496 599 511 621 ⁴⁹
519 601 537 638 ui

115 663 181 700 dentes
190 668 254 699 autem
263 660 288 699 hii
297 662 330 711 qui
339 661 409 701 circum
418 663 479 712 ipsum
488 669 542 701 erant

115 739 132 777 <p
141 726 223 765 futurum
233 730 273 764 erat
280 725 369 764 dixerunt
378 727 395 764 ei
404 727 440 765 dr're
449 727 464 765 si
474 740 507 778 per

113 790 205 829 cutiemus
214 802 246 828 eos
255 789 337 841 ingladio
346 788 360 812 ⁵⁰
366 795 385 828 et
394 792 483 841 percussit
493 803 540 830 unus

115 854 177 892 exiliis
186 867 259 892 seruum
269 854 357 903 principis
365 855 482 893 sacerdotum
493 862 512 892 et
522 867 552 893 am

115 918 189 968 putauit
197 913 286 955 ariculam
296 928 303 951 ³
314 918 412 955 dexteram
421 915 435 938 ⁵¹
443 929 510 967 respon

116 982 161 1020 dens
170 986 232 1020 autem
241 981 269 1019 ihs
278 981 304 1020 ait
313 982 367 1020 sinite
376 992 435 1030 usque
444 981 505 1019 adhuc

116 1046 142 1084 Et
152 1058 194 1083 cum
203 1046 291 1095 titigisset
300 1045 401 1083 auriculam
411 1045 450 1082 eius
459 1045 532 1083 sanauit
571 1076 572 1079 ,

115 1121 157 1147 eum
167 1107 182 1130 ⁵²
189 1108 243 1147 Dixit
252 1115 315 1147 autem
324 1108 353 1146 ihs
361 1109 419 1147 adeos
428 1109 459 1158 qui
469 1121 517 1147 uene

114 1179 155 1211 rant
164 1174 208 1211 adse
217 1172 309 1223 principes
318 1173 436 1212 sacerdotum
446 1178 465 1210 et
474 1186 505 1210 rna

114 1237 204 1287 gistratus
213 1235 279 1287 templi
288 1241 307 1272 et
316 1236 397 1273 seniores
407 1235 460 1285 quasi
469 1234 512 1273 adlu

116 1306 188 1339 tronem
197 1300 264 1338 existis
273 1312 315 1338 cum
324 1300 386 1349 gladis
395 1306 414 1338 et
423 1299 502 1338 fustibus
511 1298 526 1320 ⁵³
534 1311 576 1338 curn
626 1347 627 1350 Ἰ

117 1364 186 1402 cotidie
195 1364 261 1401 fuerim
271 1364 368 1410 uobiscum
377 1363 469 1414 intemplo
477 1376 515 1402 non

116 1428 227 1467 extendistis
237 1439 302 1466 manus
311 1427 361 1467 inme
370 1429 403 1466 sed
412 1429 457 1467 haec
467 1434 495 1467 est
504 1428 549 1466 hora

115 1499 177 1530 uestra
186 1499 204 1530 et
214 1497 298 1542 potestas
307 1492 425 1531 tenebrarum
433 1491 448 1514 ⁵⁴
454 1505 534 1542 conprae

116 1556 229 1593 chendentes
240 1560 303 1593 autem
317 1567 359 1593 eum
369 1556 464 1593 duxerunt
473 1556 556 1593 addomu

116 1617 204 1669 principis
213 1618 331 1656 sacerdotum
340 1623 404 1668 petrus
413 1630 458 1656 uero
466 1630 523 1666 seque

116 1683 171 1721 batur
180 1694 222 1720 eum
232 1682 299 1731 alonge
308 1680 323 1702 ⁵⁵
328 1694 406 1720 accenso
415 1688 479 1720 autem
488 1682 532 1731 igne

116 1746 135 1785 in
145 1746 208 1785 medio
217 1746 264 1784 atrio
274 1751 292 1785 et
301 1745 370 1784 circum
380 1745 488 1784 sedentibus
497 1745 533 1783 illis

116 1817 156 1848 erat
165 1817 228 1861 petrus
237 1811 320 1847 inmedio
329 1822 393 1847 eorum
402 1808 417 1831 ⁵⁶
422 1822 479 1859 quem
489 1822 531 1847 cum

116 1874 193 1913 uidisset
202 1872 274 1911 ancella
282 1872 374 1924 quaedam
384 1873 479 1911 sedentem
489 1872 533 1911 edlu

115 1952 158 1978 men
168 1944 186 1977 et
196 1951 239 1977 eum
248 1938 313 1976 luisset
321 1938 388 1976 intuita
397 1937 447 1975 dixit
455 1943 474 1975 et
482 1936 513 1975 hic
521 1937 545 1975 de

116 2005 142 2042 eis
152 2010 181 2041 est
190 2004 222 2052 qui
232 2014 275 2040 cum
284 2002 317 2039 illo
326 2008 379 2039 erant
387 2014 461 2051 semper
470 1999 484 2023 ⁵⁷
492 2007 511 2039 at
520 2000 551 2038 ille

36 2089 53 2120 45
64 2081 97 2111 illos
102 2081 124 2110 ior
130 2090 158 2111 eos
389 2087 406 2116 5²
416 2078 463 2117 gladis
469 2079 485 2107 ΞΡ
490 2079 503 2106 R
509 2089 518 2114 μ
524 2078 546 2107 for
552 2078 607 2116 gladiis.

35 2129 54 2167 46
66 2129 135 2167 -surgite
143 2129 190 2158 before
198 2131 241 2158 orate
261 2127 341 2166 temptatio·
389 2135 407 2165 53
418 2126 469 2156 cotidie
475 2137 485 2161 μ
491 2131 515 2164 gut
525 2124 549 2153 VO
558 2125 579 2154 for
587 2126 655 2164 quotidie.

16 2186 49 2206 nem
55 2175 174 2216 adcsffz'ulrgat
180 2178 191 2206 Σ
197 2176 219 2205 ior
226 2176 322 2205 tentationem.
369 2174 419 2202 luerim
426 2174 499 2203 uobiscum
505 2173 527 2203 for
533 2183 546 2202 v.
552 2172 562 2203 f.

40 2233 57 2263 47
68 2224 186 2264 adpropinqutuit
191 2223 205 2263 s
210 2227 235 2263 gut
243 2222 267 2262 μΙι
273 2221 312 2254 SVO
321 2222 342 2252 ior
389 2230 407 2261 54
416 2220 560 2261 coupreechendentes
569 2219 591 2249 ior
600 2221 691 2261 cumprehen-

17 2273 140 2312 appropinqunuit.
370 2270 422 2300 dentes.
457 2276 503 2299 ÷eum
510 2269 544 2299 aiter
550 2270 634 2308 sequebatur
640 2270 670 2309 elsi
674 2271 693 2309 lq

35 2319 215 2360 480sculutusiorlesus.
242 2318 316 2349 eiiorilli.
371 2318 449 2356 antmg‚

16 2369 60 2400 tradis
67 2368 112 2400 tilium
119 2368 181 2399 hominis
187 2367 209 2398 ior
217 2369 232 2399 F.
237 2367 251 2399 h.
256 2371 266 2398 t.
389 2374 406 2404 55
417 2366 452 2395 atrio
462 2365 498 2395 abd
500 2373 507 2393 e
507 2364 521 2405 s
518 2364 573 2405 ffqplr
581 2369 605 2405 gat
613 2364 640 2395 dur
648 2367 659 2395 Σ
668 2365 693 2395 VO

35 2426 53 2455 49
63 2418 83 2446 hii
89 2428 99 2454 μ
104 2418 113 2445 lz
118 2423 143 2455 gat
148 2417 184 2446 codd
190 2416 212 2446 for
218 2417 236 2445 hi.
263 2416 315 2445 circum
320 2415 342 2444 for
370 2414 392 2443 for
398 2414 434 2445 atrii.

16 2465 56 2495 circa.
85 2473 100 2504 cp
107 2463 129 2494 ior
135 2464 178 2503 quod.
208 2464 302 2503 percutiemus
308 2471 317 2491 a
323 2462 342 2491 br
389 2460 407 2499 56
416 2460 471 2490 uncella
476 2462 489 2490 D
494 2461 528 2490 E'tl’
532 2470 542 2497 μ
549 2466 573 2499 gut
578 2461 607 2491 dim
615 2461 631 2499 (a
637 2461 693 2501 puella)

16 2513 50 2553 ffiq
60 2516 85 2551 gat
95 2511 154 2541 DEt'or
159 2512 248 2550 percutimus.
282 2518 325 2540 ÷eor.
370 2508 454 2538 lorancillrt.
487 2509 519 2539 ÷de
529 2508 549 2538 εἰς
558 2512 579 2551 est
590 2509 614 2547 qui
619 2510 649 2548 ffq
658 2510 694 2540 aiter

36 2560 245 2600 5oericulr1mforauriculam.
265 2558 340 2603 sforeius.
370 2556 397 2588 hic.
426 2560 465 2587 eraut
478 2555 545 2595 biqlor
558 2560 591 2587 erat.
624 2565 695 2598 ÷semper

35 2617 51 2648 5-1
63 2609 109 2639 adhuc
115 2609 129 2638 D
134 2609 175 2648 'chg
179 2609 193 2638 R
200 2608 221 2638 for
230 2608 261 2638 hnc.
290 2607 341 2646 titigis-
370 2605 390 2635 ri
393 2616 401 2645 q
408 2606 414 2645 l
418 2605 431 2645 θ
436 2605 498 2645 senper).

17 2663 37 2689 set
44 2658 65 2688 lor
72 2657 145 2696 tetigisset.
