1598 2809
93 113 125 156 246
295 112 347 147 THE
359 111 447 148 CELTIC
460 111 564 147 GOSPELS
610 108 768 158 [Lunamq-

190 198 218 232 ter
227 205 294 232 nornen
305 205 367 232 meum
377 191 391 217 ¹⁸
399 199 417 232 et
426 191 504 245 capillus
513 192 600 243 decapite

191 263 254 297 uestro
263 260 361 308 nonperiet
369 258 385 281 ¹⁹
394 259 503 310 inpatientia
511 263 575 296 uestra

190 322 310 373 possidebitis
318 322 391 362 animas
399 320 444 359 :-²⁰
451 321 498 360 Cum
507 327 572 359 autern

191 386 275 424 uideritis
285 385 395 423 circumdari
406 385 515 423 abexercitu
523 385 565 422 hiru

171 462 173 464 ’
191 447 249 486 salem
258 454 302 487 tunc
312 449 379 487 scitote
387 448 431 498 quia
440 447 571 498 adpropinqua

191 513 219 552 uit
228 512 319 552 desolatio
328 513 367 551 eius
378 511 392 535 2¹
398 512 452 552 Tunc
461 512 493 562 qui
503 511 631 550 iniudeasunt

191 577 265 628 fugient
273 577 367 616 inruontes
375 581 394 615 et
402 577 434 626 qui
443 576 524 615 inrnedio
533 575 572 614 elus
615 603 616 606 =

192 642 340 680 nondiscendent
349 648 368 679 et
379 642 411 691 qui
420 640 544 692 inregionibus
553 653 591 678 non

192 706 262 744 intrent
270 707 331 744 ineam
340 704 355 727 ²²
360 705 404 754 quia
413 706 453 743 dies
462 704 550 743 uultionis
559 704 585 742 hii

192 774 235 807 sunt
244 774 265 807 ut
271 769 377 821 inpleantur
386 769 449 806 omnia
458 780 506 819 quae
515 767 583 819 scripta

192 838 235 872 sunt
243 832 258 855 ²³
264 833 307 873 Uae
315 840 379 872 autern
389 833 521 883 prignantibus
530 838 549 871 et
557 832 606 870 nutri

192 897 266 936 entibus
274 896 293 935 in
302 896 339 935 illis
347 896 413 935 diebus
423 897 465 935 Erit
474 897 524 934 eninr
532 908 577 946 prae

192 973 234 998 sura
244 973 312 1009 magna
320 974 376 1009 super·
384 966 452 998 terram
463 967 481 997 et
490 960 517 997 ira
527 959 597 1008 populo

192 1024 236 1062 huic
244 1022 260 1046 ²⁴
267 1024 292 1062 Et
301 1025 369 1062 cadent
378 1025 429 1062 inore
437 1023 495 1074 gladii
505 1028 523 1062 et
533 1022 603 1072 captiui
612 1023 671 1061 ducen

191 1094 222 1128 tur
230 1088 315 1126 inomnes
323 1093 388 1139 gentes
397 1093 416 1126 et
425 1086 525 1126 hirusalem
534 1085 605 1126 calcabi

468 1157 498 1190 tur

193 1217 291 1267 agentibus
300 1217 359 1255 donec
368 1215 474 1266 inpleantur
482 1222 521 1255 tern

193 1292 240 1329 pora
248 1279 344 1317 nationum
354 1278 368 1301 ²⁵
376 1280 401 1317 Et
410 1286 464 1317 erunt
472 1280 526 1327 signa
535 1278 593 1316 insule

193 1348 212 1381 et
221 1342 265 1380 luna
274 1348 292 1380 et
301 1342 360 1381 stellis
369 1348 387 1381 et
397 1342 469 1381 interris
478 1354 566 1391 praesuta
575 1353 611 1392 gen

193 1407 240 1445 tium
250 1418 294 1456 prae
303 1405 419 1445 confussione
428 1406 500 1445 sonitus
509 1405 564 1445 maris

194 1476 213 1509 et
222 1470 313 1509 fluctuum
322 1470 337 1493 ²⁶
343 1471 470 1510 arescentibus
479 1470 587 1509 horninibus
596 1483 641 1521 prae

193 1535 260 1574 timore
269 1541 289 1573 et
295 1534 438 1584 exspectatione
446 1547 495 1584 quac
503 1547 558 1585 super
567 1534 610 1573 ueni

193 1605 225 1638 ent
233 1598 319 1636 uniuerso
328 1598 368 1636 orbi
377 1610 420 1636 nam
430 1598 509 1637 uirtutes
518 1597 580 1637 caeloi

194 1661 363 1700 commonebuntur
372 1659 387 1684 ²⁷
393 1661 419 1700 Et
428 1668 472 1700 tunc
481 1660 573 1700 uidebunt

193 1725 252 1764 filiurn
261 1725 343 1764 hominis
352 1725 458 1765 uenientem
468 1726 487 1764 in
496 1726 557 1780 nubae
567 1738 609 1765 curn

194 1794 288 1840 potestate
297 1801 364 1840 magna
373 1795 392 1829 et
401 1790 498 1830 maiestate
508 1788 522 1811 ²³
528 1790 556 1829 his
565 1790 581 1829 h·

192 1854 232 1890 fieri
241 1853 371 1902 incipientibus
381 1854 495 1904 respirabitis
505 1860 524 1892 et
533 1855 576 1892 leua

194 1916 238 1955 bitis
245 1916 307 1966 capita
316 1923 378 1956 uestra
387 1917 476 1966 quoniam
485 1917 578 1967 adpropin

115 2023 132 2051 18
142 2022 187 2062 periet
193 2021 218 2051 ud
222 2021 243 2050 lor
250 2021 308 2060 peribit.
448 2021 508 2061 habent)
515 2022 536 2051 sor
543 2022 657 2061 praegnantibus.
686 2032 752 2062 praesura
759 2022 771 2052 E

115 2079 132 2110 19
145 2074 213 2100 -uestrus
220 2069 256 2098 after
262 2069 321 2099 animas.
448 2070 464 2099 ff
469 2070 520 2100 RHY
526 2070 548 2100 sur
555 2080 623 2109 pressura.

116 2127 133 2148 no
142 2118 218 2149 hirusalem
225 2117 281 2154 quior
287 2116 369 2147 Ierusalem.
396 2117 420 2147 ad·
468 2127 486 2157 24
495 2117 571 2148 hirusalem
584 2128 598 2156 iq
609 2119 631 2148 sor
642 2118 723 2149 Ierusalem.
751 2118 772 2148 iu·

95 2167 195 2206 propinquauit
204 2165 242 2203 ads
248 2169 273 2203 gar
284 2164 389 2204 quuuzvo
399 2166 420 2195 sor
448 2165 514 2204 pleautur
520 2166 561 2206 dffq
568 2166 771 2206 garieoddforimpleautur.

96 2214 221 2253 appropinquavit.
468 2224 485 2253 ²5
495 2224 561 2253 praesuta
567 2220 592 2254 gut
598 2215 611 2244 E
617 2216 634 2243 Η)
639 2216 652 2244 R
657 2215 672 2244 H
678 2215 699 2244 for
703 2224 770 2256 pressura

115 2272 131 2293 21
142 2264 184 2294 iudea
196 2261 228 2302 effi
232 2272 264 2298 rsa
269 2261 298 2292 dim
311 2268 336 2301 gat
349 2262 386 2293 codd
400 2264 421 2293 for
477 2263 565 2293 confussione
572 2274 586 2302 η
592 2269 617 2303 gat
623 2275 633 2301 μ
638 2265 652 2293 D
658 2265 669 2293 E
674 2264 705 2294 Rll
711 2265 733 2294 tor
739 2274 773 2295 corr-

96 2312 154 2341 Iudaea.
173 2309 332 2349 lugientDiorsugiaut,
351 2311 421 2339 inmontes
449 2311 508 2341 lusione.

96 2368 133 2399 εφη
138 2379 144 2399 2
149 2370 159 2396 μ
165 2363 191 2398 gat
196 2359 224 2388 ΕΣ
229 2357 273 2387 for-ad
279 2362 338 2388 montes.
363 2359 421 2388 noudis-
468 2358 486 2388 26
495 2359 600 2398 exspectatione
610 2370 619 2399 q
631 2364 657 2399 gat
666 2370 676 2396 μ
683 2360 716 2389 ΕΗ)
721 2360 735 2389 R
741 2361 752 2390 C
758 2359 773 2390 K

97 2407 155 2438 cendent
161 2408 183 2437 ior
189 2405 267 2437 discedant.
449 2406 504 2438 uTvx
510 2408 531 2438 lor
535 2408 637 2445 expectatione.
663 2409 773 2440 commonebun-

116 2465 132 2486 η
143 2455 211 2486 uultionis
217 2454 244 2494 (dc
249 2454 325 2494 uindictae)
331 2455 353 2484 sor
358 2456 421 2486 ultionis.
449 2460 472 2484 tur
478 2456 532 2494 ›⁵3ng
537 2457 551 2493 Q
557 2457 570 2485 R
576 2458 598 2486 for
604 2458 701 2487 movebuntur.

124 2501 214 2534 scansam.
469 2508 486 2540 27
498 2504 543 2534 nubae
550 2504 572 2533 ior
577 2505 619 2534 nube.

116 2551 136 2581 hii
143 2551 187 2592 ffr12
196 2555 221 2588 gat
230 2549 269 2580 Eion
275 2548 295 2579 hi.
323 2550 403 2590 inpleantur
413 2563 422 2580 α
470 2552 487 2580 28
497 2551 582 2590 respirabitis
590 2564 597 2582 c
600 2553 633 2592 ffil
636 2564 663 2593 ruq
673 2553 694 2583 for
704 2555 773 2593 respicite

97 2602 107 2630 d
110 2600 136 2640 ffu
140 2606 164 2639 gat
171 2602 182 2630 Σ
189 2599 211 2629 sor
217 2598 306 2637 impleantur.
478 2600 544 2630 leuabitis
550 2601 611 2640 cffimq
617 2601 639 2631 ior
645 2602 696 2633 levate.
721 2603 773 2642 adpro·

118 2657 135 2686 αὖ
145 2648 242 2687 prignuutibus
249 2648 263 2676 D
268 2656 282 2683 η
287 2657 296 2683 μ
301 2647 330 2677 dim
336 2647 368 2686 (eiu
374 2652 422 2677 ueutre
450 2647 509 2687 pinquat
515 2649 560 2678 abde
566 2649 574 2677 rs
576 2652 587 2680 Σ
593 2653 618 2689 gut
625 2649 661 2680 codd
666 2649 691 2680 VO
696 2651 717 2680 sor
722 2660 774 2691 appro-

98 2696 422 2736 habenterquaemunnan:gatquiinurearo
450 2696 513 2737 pinquat,
