1598 2809
17 143 98 178 -rrmr
107 137 169 189 mro]
220 128 272 177 rau
284 140 372 178 cunum
384 141 487 179 oosrms

126 225 147 258 ta
155 220 264 275 praedicans
271 221 362 261 indeserto
371 222 437 261 iudeae
446 221 479 261 2et
487 224 506 261 di

128 273 302 344 censppenitentiam
316 285 366 334 agite
375 285 506 335 adpropinqua

127 347 156 387 uit
164 340 214 387 enim
223 361 301 398 regnum
310 338 421 398 caelorum}
428 349 458 388 hic
467 356 496 389 est

127 412 178 450 enim
187 413 280 463 quidictus
289 418 318 458 est
326 398 452 464 peressaeiam
461 426 495 464 pro

128 476 185 515 fetam
194 476 287 516 dicentem
323 476 369 515 on
378 477 477 516 clamantis
485 477 529 516 inde

127 545 178 579 serto
186 548 252 591 parate
260 541 311 580 uiam
320 540 353 580 dni
362 547 422 581 rectas
429 541 464 580 iaci

128 609 148 641 te
156 605 233 643 semitas
242 605 281 643 eius
289 602 297 626 ¹²
304 605 347 655 lpse
356 611 419 642 autem
428 606 500 643 iohanis
509 606 534 643 ha

128 668 199 707 bebant
208 668 342 707 uestimentum
351 667 426 719 depillis
435 668 514 706 camello

128 744 169 771 rum
178 739 197 771 et
206 745 273 771 zonam
282 732 368 783 pellicem
376 732 500 772 circalumbos

129 808 172 834 suos
181 807 223 834 esca
232 802 295 835 autem
304 797 344 835 eius
353 803 392 835 erat
401 796 474 851 locusta
485 802 504 836 et

130 858 166 899 mel
176 860 273 899 silvestrae
282 858 351 901 ⁵Tunc
359 860 436 900 exiebat
445 861 513 899 adeum
522 860 552 899 hie

130 924 219 962 rusolima
228 931 247 962 et
256 925 317 961 omnis
326 925 381 962 iudea
389 931 408 962 et
417 924 478 962 omnis
487 938 507 961 re

130 988 161 1038 gio
170 987 258 1027 iordanen
267 986 300 1027 6et
309 988 463 1038 baptiszabantur
472 988 519 1027 inior

130 1051 179 1089 dane
187 1051 235 1089 abeo
244 1051 354 1091 confitentes
363 1057 440 1103 peccata
450 1064 484 1089 sua

130 1112 216 1153 ⁷uid1'ens
223 1121 286 1153 autem
296 1114 367 1153 multos
375 1115 483 1154 iariseorum
494 1121 518 1154 et,

131 1180 265 1218 sadduceorum
274 1179 369 1219 uenientes
378 1180 499 1231 adbaptismsr

130 1255 186 1281 suum
195 1243 245 1282 dixit
253 1243 280 1282 eis
289 1244 388 1293 progenies
394 1244 501 1293 uiperarum

131 1307 172 1357 quis
181 1307 316 1351 demonstrauit
325 1308 379 1346 uobis
387 1306 452 1357 sugere
461 1307 514 1346 asutu

133 1384 153 1409 ra
161 1371 189 1409 ira
197 1370 266 1409 ⁸iacite
275 1383 319 1421 ergo
328 1370 410 1409 fructum
420 1373 498 1421 dignum
508 1371 551 1421 peni

132 1435 202 1472 tentiae
210 1434 218 1457 ⁹
225 1441 244 1472 et
253 1446 277 1471 ne
286 1434 353 1472 vellitis
362 1434 423 1471 dicere
432 1434 481 1472 intra
490 1447 523 1472 uos

132 1504 205 1548 patrem
214 1499 292 1538 abemus
299 1497 400 1537 abracham
409 1498 451 1536 dico
460 1498 510 1536 enirn

134 1562 187 1601 uobis
196 1562 240 1613 quia
248 1568 312 1612 potest
321 1562 344 1600 de
352 1561 471 1612 exlapidibus
482 1562 523 1601 istis

134 1627 224 1665 suscitare
232 1626 280 1665 filios
290 1625 449 1666 abrachae1⁰iarn
458 1627 508 1665 enim
517 1640 537 1665 se

50 1709 100 1739 iudeae
116 1718 146 1749 affl
162 1715 187 1748 gat
202 1710 313 1748 DQRKUZ
327 1710 350 1739 ior
397 1710 474 1747 tuidiens.
494 1710 529 1739 This
540 1709 632 1739 insertiones
640 1710 664 1739 the
674 1710 702 1739 iis

23 1756 87 1785 iudaeae.
378 1766 444 1787 common
450 1762 465 1786 to
471 1756 495 1787 the
502 1757 560 1786 African
566 1756 594 1786 and
599 1756 655 1786 Insulur
661 1759 701 1786 texts.

43 1803 132 1835 aeterased.
165 1803 257 1843 penitentiam
263 1813 290 1843 qg1
297 1804 322 1834 her
328 1804 350 1834 ior
378 1804 404 1835 See
417 1804 485 1843 Sunday’s
495 1805 556 1834 remarks
566 1815 584 1833 on
594 1805 618 1834 the
628 1805 702 1834 lextofk

24 1851 129 1889 paenitentiam.
164 1852 285 1890 adpropinquant
296 1851 350 1890 abqg1
379 1854 403 1891 (0.
411 1853 429 1882 L.
436 1854 455 1882 BA
465 1853 481 1882 Τ.
492 1853 508 1891 ii,
519 1862 533 1892 p.
545 1852 586 1892 clxi),
599 1852 627 1882 and
636 1851 703 1882 Abhott's

24 1898 49 1929 her
55 1898 83 1929 Hil
89 1903 113 1937 gat
119 1898 149 1929 lam
156 1899 210 1929 altered
217 1903 232 1929 to
238 1899 350 1939 adpopiuquabit
379 1901 435 1940 preiace
442 1900 473 1939 (xv)
480 1901 495 1930 in
501 1901 572 1939 regardo>
577 1901 601 1930 the
607 1900 644 1930 Irish
650 1900 692 1931 MSS.
699 1911 703 1930 ι

25 1946 44 1985 hy
50 1947 106 1987 vriting
112 1947 120 1976 b
127 1948 171 1978 above
178 1947 202 1978 the
208 1957 223 1978 u.
379 1951 383 1965 ⁴
390 1949 483 1988 Participium
489 1958 555 1988 praesens
560 1948 629 1979 secundae
635 1952 649 1979 et
654 1949 703 1979 tertiae

44 2004 52 2033 3
62 1996 131 2025 essaeiam
142 1996 164 2026 ior
175 1997 233 2027 esaiam.
262 1995 332 2035 proiciam
342 2006 351 2035 q
370 1995 483 2036 'coniugationis
490 1999 504 2026 in
511 1996 703 2027 casuuominandiseresem·

26 2042 58 2073 DR
64 2044 85 2073 for
92 2044 181 2083 prophetam}
379 2054 405 2083 per
414 2046 424 2061 “
429 2044 477 2075 -iens”
488 2049 538 2075 sonat:
549 2048 564 2074 ut
570 2044 628 2079 uiciens,
634 2044 690 2075 vidiant
695 2043 704 2076 '.

44 2104 53 2133 4
62 2095 119 2125 lohauis
125 2095 150 2125 has
157 2105 166 2125 a
172 2104 229 2125 comma
237 2095 300 2125 between
309 2093 333 2124 the
341 2104 351 2124 a
406 2093 489 2125 fariseorum
498 2104 507 2134 q
516 2093 545 2124 lam
552 2094 565 2123 R
571 2094 593 2123 for
602 2093 703 2132 phariseorum.

26 2143 54 2172 and
58 2143 82 2173 the
87 2154 97 2173 n
104 2144 139 2174 with
143 2153 154 2172 n
159 2143 205 2174 added
211 2145 256 2174 above
261 2143 284 2173 the
290 2152 349 2178 comma,
407 2143 509 2172 sadduceorum
516 2143 538 2171 for
544 2142 660 2171 sadducaeorum.

27 2189 69 2221 while
74 2191 81 2221 z·
86 2192 98 2221 is
104 2191 176 2221 corrected
183 2195 198 2220 to
203 2200 215 2226 r,
222 2191 271 2229 giving
278 2184 349 2220 iohannes.
397 2190 409 2218 d
413 2200 475 2219 resumes
481 2189 519 2228 after
524 2189 546 2219 tde
553 2190 595 2219 break
601 2195 616 2218 ot
621 2191 636 2219 it,
644 2199 666 2219 nr.

27 2236 43 2267 In
50 2238 120 2269 habebant
129 2248 139 2268 a
148 2239 160 2268 is
169 2238 217 2269 erased
227 2238 276 2278 giving
285 2238 350 2268 habebat.
398 2239 407 2267 8
416 2238 503 2279 penitentiae
506 2247 522 2278 gl
527 2237 703 2278 deerRiorpaeniteutiae.

54 2286 112 2327 depillis
119 2287 156 2326 QR.
176 2288 208 2317 The
214 2288 254 2317 firstl
260 2290 272 2317 is
277 2287 325 2316 erased
329 2287 351 2315 ior
399 2296 407 2326 9
416 2286 469 2317 uellitis
475 2286 485 2315 k
490 2286 515 2316 her
521 2285 538 2316 M
544 2285 576 2325 QR
582 2285 604 2316 ior
610 2285 661 2316 uelitis.

27 2334 45 2364 de
57 2335 95 2379 pilis.
121 2335 317 2365 camellommohherlam
325 2331 351 2373 'gat
380 2335 438 2364 abemus
454 2334 476 2364 ior
491 2334 565 2364 habemns.
589 2333 620 2363 The
636 2334 705 2371 aspirates

27 2382 190 2421 DQiorcamelorum,
220 2382 287 2422 pellicem
295 2381 320 2412 her
329 2381 351 2411 ior
381 2383 466 2412 seemtobe
474 2382 508 2411 used
517 2392 533 2411 or
542 2381 602 2412 omitted
611 2385 626 2410 at
634 2381 668 2411 will.
688 2383 705 2411 In
753 2375 755 2379 ¹

27 2430 104 2467 pelliciam.
133 2430 203 2461 locustae
208 2435 233 2469 gat
238 2430 253 2459 D
258 2430 351 2460 iorlocustae.
380 2431 417 2460 xxvi.
424 2438 442 2469 42
450 2439 472 2460 we
477 2428 514 2459 have
520 2429 566 2459 habiit
574 2429 596 2458 ior
602 2428 642 2465 abiit,
649 2428 707 2459 horauit

56 2478 127 2509 silvestrae
138 2487 148 2508 a
160 2479 185 2509 her
197 2478 280 2518 EQRCF
293 2478 314 2509 ior
327 2477 351 2508 sil=
382 2476 648 2515 formauit,andin45oraforhoru.
667 2478 708 2507 abra-

28 2530 77 2558 vestre.
381 2525 422 2556 cham
429 2525 454 2554 her
461 2525 493 2564 (gat
499 2524 592 2563 lamachum>
601 2525 623 2554 ior
632 2524 706 2555 abraham.

47 2583 55 2613 5
65 2573 156 2607 hierusolima
161 2575 351 2615 gatERiorhierosolyrna.
409 2575 443 2615 quia
456 2574 490 2613 dfk
503 2576 536 2613 aug
548 2575 578 2604 lam
589 2578 614 2613 gat
624 2575 675 2604 DER
685 2575 707 2605 for

56 2624 132 2664 iudaeaq
144 2624 170 2655 her
182 2625 214 2655 lam
226 2624 318 2663 DEQRW
330 2624 353 2654 ior
382 2624 453 2664 qnoniam.
490 2633 507 2653 ex
519 2622 593 2662 lapidibus
605 2622 661 2663 abqſj}
675 2624 707 2653 lreu

28 2670 84 2701 iudaea.
116 2674 217 2713 -circumkp
383 2671 495 2711 DEQFZior
503 2672 520 2701 de
529 2670 607 2711 lapidibus.
637 2670 707 2702 abrachae

48 2720 56 2750 6
66 2720 180 2760 baptiszahautur
191 2722 199 2752 b
209 2722 231 2752 for
241 2722 352 2761 baptizabantur.
382 2720 508 2751 herforahrahae.
571 2743 572 2746 ,
