1598 2809
38 97 162 133 -murxtu
172 92 202 143 21]
241 74 293 130 rim
305 95 393 132 cenric
405 94 508 132 cosmus
549 97 551 99 ’
679 105 710 141 151

149 174 218 225 ⁸Quod
227 175 294 214 habuit
302 175 349 214 haec
358 175 401 214 fecit
410 177 505 227 praeuenit
513 177 562 214 enim
572 187 633 226 ungen

148 243 168 277 to
176 251 246 288 ungere
255 251 322 288 corpus
331 251 394 278 meum
403 239 518 289 insepultum
527 238 595 278 9amen
604 238 623 278 di

149 302 226 340 couobis
235 302 267 340 ubi
276 315 356 352 cumque
365 302 492 352 praedicatum
501 302 556 340 fuerit
565 316 600 340 eua

150 365 232 416 agelium
241 365 290 404 istud
300 365 426 405 inuniuersum
435 366 525 404 mundum
535 373 553 405 et
562 367 612 417 quod

149 430 191 469 iecit
199 430 245 469 haec
253 431 358 469 narrabitur
366 430 494 468 inmemoriam
503 431 542 468 eius
572 429 585 482 l
591 431 615 470 ad

148 492 164 515 ¹⁰
170 494 195 531 Et
205 495 258 533 iudas
267 494 364 534 scariothis
373 506 420 532 unus
430 494 541 532 dedudecim
550 494 596 532 abiit

150 568 233 596 summos
242 559 347 597 sacerdotes
356 563 377 596 ut
387 557 474 607 proderet
483 568 526 596 eum
536 556 572 595 iilis
581 556 595 578 Π
601 556 632 607 qui

150 621 247 671 audientes
256 622 359 670 gauisisunt
368 627 387 659 et
396 621 529 671 promisserunt
539 621 556 658 ei
565 633 622 670 peccu

151 685 200 723 niam
209 698 229 723 se
238 686 314 724 daturos
324 691 342 724 et
351 697 399 724 exeo
408 685 498 735 querebat
508 684 604 734 quomodo
614 683 627 722 il

150 748 189 787 lum
200 754 280 799 oportun
288 749 371 788 traderet
380 747 395 771 Η
401 756 420 788 et
428 749 522 799 primodie
530 760 638 787 azemorum

127 818 129 820 '
151 814 227 862 quando
236 813 306 862 pascha
315 812 405 850 immolab
414 813 480 850 dicunt
489 812 575 861 discipuli
584 823 622 861 quo

152 875 181 913 uis
190 875 249 914 iamus
259 881 278 914 et
286 888 373 927 paremus
381 875 415 914 tibi
425 881 446 914 ut
454 877 556 915 manduces
564 887 599 927 pas

151 940 186 978 cha
194 940 234 979 ¹³et
244 941 302 979 mittit
311 941 358 978 duos
368 940 490 991 exdiscipulis
499 940 536 979 suis
545 945 564 978 et
573 940 618 978 dicit
627 939 654 978 eis

152 1005 178 1041 ite
187 1004 302 1042 inciuitatem
311 1011 331 1042 et
339 1009 423 1042 occurret
432 1004 487 1041 uobis
495 1004 552 1042 homo
562 1004 631 1054 lagona

152 1079 212 1117 aquae
221 1067 306 1106 boiolans
315 1068 414 1117 sequimini
424 1080 467 1105 eum
477 1065 493 1090 14
500 1073 519 1105 et
528 1079 566 1116 quo
575 1078 638 1116 cumq:
684 1094 686 1096 -

153 1130 243 1169 introierit
252 1121 309 1168 dicite
318 1132 356 1168 dno
365 1132 433 1168 domus
443 1131 487 1179 quia
496 1131 584 1179 magister
593 1131 613 1167 di

153 1193 178 1232 cit
186 1186 218 1232 ubi
226 1199 255 1232 est
264 1193 383 1233 reiectiomea
391 1195 423 1233 ubi
432 1205 489 1243 pasca
497 1205 541 1233 cum
550 1193 596 1232 disci
681 1197 716 1231 204

153 1257 201 1307 pulis
210 1258 256 1296 meis
266 1258 378 1296 manducem
387 1256 401 1279 1⁵
407 1264 426 1296 et
435 1257 476 1308 ipse
485 1257 538 1296 uobis
547 1258 625 1296 demons

154 1321 212 1361 trabit
221 1321 331 1361 cenaculum
340 1326 420 1361 stratum
430 1327 449 1360 et
458 1320 495 1360 illic
504 1326 569 1373 parate
578 1334 602 1361 no

154 1386 182 1423 bis
190 1385 205 1407 Ν
212 1393 231 1424 et
239 1386 325 1424 abierunt
334 1386 420 1434 discipuli
431 1386 470 1422 eius
479 1392 498 1423 et
507 1392 598 1423 uenerunt
605 1386 642 1423 inci
656 1404 658 1406 >

155 1448 233 1487 uitatem
244 1454 262 1487 et
272 1449 382 1488 inuenerunt
391 1449 439 1487 sicut
448 1449 522 1488 dixerat
532 1448 567 1486 iilis
576 1454 595 1487 et

153 1519 280 1562 praepararunt
289 1526 346 1562 pasca
378 1510 391 1563 s
397 1511 411 1535 ¹⁸
417 1519 436 1551 et
445 1512 608 1551 discumbentibus
617 1512 643 1550 eis

155 1573 169 1598 ¹⁷
176 1576 261 1626 Uespere
270 1582 334 1614 antem
343 1576 393 1614 facto
403 1575 455 1614 uenit
463 1588 505 1614 cum
515 1576 614 1614 duodecim

155 1646 174 1678 et
183 1639 339 1678 manducantibus
348 1639 375 1677 ait
384 1639 413 1677 ihs
422 1652 476 1678 amen
485 1638 582 1678 dicouobis
591 1639 636 1690 quia

156 1715 202 1741 unus
211 1704 291 1742 exuobis
301 1717 331 1741 me
340 1703 403 1742 tradet
412 1703 546 1754 quimanducet
555 1716 628 1743 mecum

157 1765 172 1788 ¹⁹
178 1766 206 1805 Ar
216 1767 243 1805 ilii
252 1773 353 1818 caeperunt
362 1767 467 1806 contristari
477 1772 495 1805 et
504 1767 566 1805 dicere
575 1768 592 1805 ei
600 1766 674 1818 singula

156 1830 191 1869 tim
200 1831 292 1880 numquid
302 1843 380 1881 egosum
389 1832 426 1870 dne
431 1828 444 1882 s
450 1843 493 1869 cum
502 1831 584 1870 incatino
594 1830 609 1854 2¹
616 1837 635 1870 et
643 1830 670 1870 iili

157 1893 172 1914 ²⁰
178 1894 216 1943 Qui
227 1894 254 1933 ait
263 1894 300 1932 illis
309 1907 357 1932 unus
366 1908 391 1932 ex
400 1895 427 1932 xii
436 1894 468 1943 qui
477 1895 557 1944 intinget
566 1907 673 1933 manumme

54 1998 55 2003 ¹
65 2008 73 2036 8
86 2009 139 2039 terrim
152 2014 214 2047 ungento
226 2009 273 2038 before
284 2017 341 2047 ungere.
418 2016 434 2045 13
444 2008 512 2046 lagonam
519 2017 544 2047 νη
553 2012 577 2047 gat
586 2009 601 2037 D
610 2008 632 2047 (ff
636 2007 723 2046 lagoenam:

46 2056 133 2095 insepultum
139 2056 146 2085 i
150 2065 165 2095 rz
171 2056 186 2086 X
191 2056 202 2084 Z
207 2057 229 2086 for
235 2056 250 2085 iu
256 2055 345 2095 sepulturam.
398 2055 410 2085 d
414 2055 497 2094 amphorae)
503 2056 524 2086 for
530 2055 599 2095 lagenam.
626 2055 691 2086 hoiolaus
696 2056 721 2086 her

65 2113 73 2142 9
83 2104 178 2135 inuuiuersum
187 2105 256 2135 mundum
266 2104 277 2134 d
274 2104 289 2143 J‘
291 2114 299 2143 q
309 2105 333 2134 her
344 2103 370 2133 dur
400 2103 429 2142 (ad
431 2103 447 2142 ff
449 2104 513 2143 porinus)
521 2104 543 2133 for
549 2105 618 2135 baiulans.

47 2151 78 2190 QR
85 2152 122 2183 codd
128 2152 150 2183 ior
157 2152 171 2182 in
177 2153 243 2183 universo
249 2152 307 2183 mundo.
419 2160 437 2190 14
446 2162 475 2191 quo
480 2162 528 2192 eumq:
536 2153 652 2193 iorquocumque.
679 2162 721 2192 pasca

67 2208 84 2228 ro
93 2200 167 2230 scariothis
173 2211 188 2240 νἱ
194 2206 218 2239 gat
224 2202 239 2230 D
244 2205 255 2229 Θ
260 2201 278 2229 W
288 2200 320 2240 (her
329 2200 371 2230 scari·
399 2200 426 2229 kT
432 2199 454 2229 for
460 2201 517 2238 pascha.

47 2246 79 2285 oth)
89 2248 111 2276 for
120 2248 198 2277 iscariotes.
227 2248 294 2278 dudecim
303 2248 325 2277 ior
336 2248 370 2277 duo·
420 2255 436 2285 15
447 2247 528 2277 cenaculum
533 2247 563 2288 fr2
572 2248 597 2278 her
606 2246 630 2277 VO
639 2247 662 2277 ior
671 2258 721 2278 coeun-

4 2307 6 2310 ·
47 2295 97 2326 decim.
399 2296 558 2336 cuium-grandem.

68 2351 82 2372 rr
94 2345 194 2383 promisserunt
199 2344 371 2383 gatDiorpromiseruut.
420 2343 436 2372 16
443 2345 656 2384 praeparatumiorparauerunt.
679 2355 722 2385 pasca

75 2393 158 2431 peccuniam
169 2402 184 2432 r²
194 2392 225 2432 (gat
234 2392 287 2433 pretio)
297 2393 320 2422 ior
329 2403 371 2432 pecu·
398 2393 421 2422 sor
427 2393 486 2431 pascha.

47 2439 90 2470 niam.
120 2449 169 2472 ÷exeo
174 2442 187 2480 Q
193 2442 228 2471 atter
234 2446 252 2471 et.
278 2442 344 2480 querebat
349 2441 371 2470 ior
419 2441 436 2469 18
445 2450 467 2469 me
472 2442 518 2471 tradet
519 2441 570 2481 fqurz
575 2442 600 2471 her
604 2440 721 2481 gatVOiort.m.

48 2489 128 2527 quaerebat,
158 2494 219 2528 oportun
226 2491 247 2520 ior
254 2495 338 2529 opportune.
424 2489 500 2520 manducet
505 2489 524 2530 ff
525 2490 538 2519 D
545 2490 561 2529 (a
567 2490 605 2530 edet)
612 2489 634 2520 ior
640 2491 721 2523 manducat.

68 2544 83 2564 12
95 2546 176 2566 azemorum
183 2536 294 2575 forazyruorum,
320 2538 371 2565 immo·
406 2543 408 2545 ·
419 2544 436 2573 19
450 2544 496 2566 ÷sum
503 2539 530 2566 dre
536 2537 547 2564 F
554 2536 590 2565 aster
597 2546 628 2575 ego,

48 2581 72 2612 lab
79 2582 101 2613 for
107 2583 206 2614 immolabant,
239 2584 267 2613 -ei
274 2585 310 2613 after
316 2585 370 2613 dicunt.
419 2593 436 2612 20
446 2584 466 2613 xii
472 2595 494 2613 ar
500 2586 514 2614 D
519 2585 532 2613 R
537 2585 556 2614 W
562 2585 584 2614 for
593 2584 672 2617 duodecim.
701 2587 723 2616 in-

76 2632 122 2663 iamus
128 2633 150 2663 ior
156 2641 208 2663 eamus,
398 2634 443 2673 tinget
448 2642 457 2663 a
462 2634 484 2664 ior
488 2633 548 2672 intingit.
576 2643 635 2664 manum
640 2644 695 2668 mecum
702 2646 723 2668 ac

67 2679 74 2708 b
81 2681 145 2711 contains
149 2680 173 2710 tut
174 2680 258 2720 flagitentur
264 2681 344 2712 zmtilverse
349 2689 371 2710 m.
401 2682 434 2720 tffq
439 2682 627 2714 coddiormeeummanum.
