1598 2809
63 54 95 99 158
225 78 226 81 ,
265 46 316 87 run
329 51 533 89 eunrrcoosuurs
579 50 738 101 [nrurxv.23-

173 133 237 172 bibere
245 138 264 171 et
273 145 311 171 non
320 134 389 184 accipit
419 131 433 186 s
438 139 459 172 ta
468 134 507 172 eius
516 134 612 173 mittentes
620 147 651 173 sor

173 195 188 218 n
194 197 220 235 Et
229 197 358 248 crucifigentes
367 210 410 236 eum
420 198 531 237 diuisserunt
541 200 632 236 uestimen

173 268 212 300 tern
222 273 277 311 super
287 274 309 299 ea
318 262 359 311 quis
368 262 413 312 quid
422 260 496 300 tolleret
502 259 515 313 s
521 274 564 301 eunr

174 323 188 346 ²⁵
195 325 242 363 Erat
250 330 313 363 autern
323 326 369 363 hora
378 326 433 363 tertia
442 331 460 363 et
470 326 601 363 crucifixerunt

175 386 189 408 ²⁵
196 389 222 426 Et
231 394 270 426 erat
279 388 345 427 titulus
354 401 420 428 causae
429 388 466 428 eius
475 388 574 438 inscriptus
583 401 616 427 rex

175 452 273 491 iudeorum
308 451 323 475 ²⁷
329 453 355 491 Et
364 467 430 492 cunreo
439 454 550 504 crucifigunt
559 456 607 492 duos
617 453 665 492 latro

174 530 207 555 nes
217 529 273 555 unum
285 518 369 556 adextris
377 524 397 556 et
405 517 462 555 aliurn
472 518 561 556 asinistris
570 518 609 555 eius

176 579 191 602 2⁸
198 580 224 617 Et
235 580 332 629 adinpleta
340 586 369 618 est
379 581 471 630 scriptura
479 592 527 628 quae
537 581 582 618 dicit

177 648 195 681 et
205 656 247 681 curn
256 642 324 693 iniquis
333 643 401 681 ueritas
410 646 501 694 deputata
511 650 539 683 est
548 643 563 665 2⁹
569 651 588 683 ct
597 656 642 694 prae

176 713 205 744 ter
214 712 278 745 euntes
287 706 424 745 blastemabant
433 720 475 745 eurn
485 714 580 746 mouentes
590 721 611 746 ca

177 771 217 820 pita
226 783 259 809 sua
268 776 287 809 et
295 770 379 809 dicentes
388 784 424 810 ua.
434 771 544 821 quidistrues
553 771 626 822 templu

178 840 197 873 et
205 835 285 873 intribus
293 834 359 873 diebus
369 835 456 874 aedificas
465 834 480 857 ³⁰
485 837 559 874 saluum
568 836 636 874 factem
662 887 663 890 Ἴ

178 904 197 936 et
207 899 268 949 ipsum
278 898 395 937 discendiens
404 899 482 937 decruce
488 898 501 950 s
508 900 555 938 alter
564 906 626 938 utrum

178 961 192 984 ³¹
199 961 290 1001 Similiter
298 968 317 1000 et
327 962 396 1000 summi
405 963 513 1001 sacerdotes
522 963 653 1001 inludentesad

179 1037 221 1064 curn
231 1024 295 1062 scribis
304 1024 392 1063 dicebant
401 1024 448 1062 alios
457 1024 518 1063 saluos
527 1025 587 1064 faeere

179 1088 222 1127 fecit
231 1102 251 1128 se
260 1089 322 1138 ipsunt
332 1094 403 1139 nonpot
413 1095 441 1127 est
451 1089 523 1128 saluum
532 1087 547 1111 ³²
554 1095 590 1141 xps
599 1102 633 1129 rex

180 1153 246 1191 israhel
256 1153 353 1191 discendat
362 1165 411 1191 nune
419 1154 498 1191 decruce
507 1159 528 1191 ut
537 1154 631 1192 uidiarnus
708 1156 743 1190 213

181 1222 199 1255 et
209 1217 308 1255 credamus
316 1217 333 1254 ei
368 1216 394 1254 Et
402 1215 434 1265 qui
443 1229 485 1255 curn
495 1229 517 1255 eo
526 1216 695 1257 crucifixerantcon

180 1279 291 1319 ficiahantur
300 1281 316 1318 ei
352 1279 367 1301 ³³
374 1280 458 1318 Ersacta
466 1280 512 1319 hora
521 1286 577 1319 sexta
587 1282 676 1320 tenebrae

180 1343 241 1382 factae
250 1350 292 1382 sunt
301 1348 396 1392 pertotarn
405 1347 474 1381 terram
484 1356 543 1392 usque
552 1343 596 1381 inho

181 1419 220 1445 ram
230 1419 299 1445 nonam
309 1404 324 1428 ³4
330 1406 356 1444 Et
365 1406 412 1444 hora
421 1418 470 1445 nona
479 1407 595 1446 exclamauit
603 1408 666 1447 dicens

182 1471 211 1509 ihs
219 1469 257 1508 heli
266 1470 302 1508 heli
311 1470 460 1508 lamasabethani
469 1471 520 1519 quod
530 1471 577 1509 inter
586 1484 631 1521 prae

180 1540 241 1572 tatum
251 1534 273 1572 ds
282 1546 334 1571 rneus
343 1534 364 1572 ds
374 1545 426 1572 meus
436 1540 457 1572 ut
465 1534 631 1584 quiddirilinquisti

181 1611 212 1637 rne
220 1597 236 1621 3⁵
241 1604 260 1636 et
269 1599 346 1646 quidam
355 1597 450 1636 decircurn
460 1599 553 1636 stantibus
563 1599 660 1637 audientes
669 1598 688 1637 di
739 1611 740 1614 ’

181 1662 249 1699 cebant
258 1674 301 1699 ecce
310 1661 379 1698 heliam
388 1667 444 1698 uocat
453 1661 489 1698 iste
523 1660 538 1682 ³⁶
545 1661 625 1699 Currens
634 1666 677 1700 aute

89 1786 106 1815 ²3
116 1776 168 1816 accipit
176 1776 184 1807 k
191 1775 262 1813 DQRu
269 1775 291 1804 tor
297 1774 356 1815 accepit.
442 1785 457 1813 gr
469 1776 517 1806 rende
527 1775 564 1806 herr.

89 1834 107 1863 24
116 1825 200 1854 diuisseruut
206 1824 220 1852 D
225 1824 241 1852 ff
248 1829 272 1861 gat
281 1824 303 1852 for
312 1823 394 1852 diuiserunt.
441 1824 494 1853 israhel
499 1824 524 1853 her
530 1828 555 1863 gat
561 1822 586 1853 VO
591 1823 665 1854 forlsrael.
694 1823 748 1854 discen·

98 1871 219 1911 endgatsoreis.
423 1871 676 1911 darbuuhgatfordescendar.
702 1871 747 1901 uidia-

89 1921 107 1951 26
116 1919 211 1959 iudeorunrff
216 1919 241 1948 her
249 1918 307 1948 buu
316 1918 395 1948 forludae·
424 1929 455 1949 mus
464 1920 478 1949 R
484 1920 507 1950 ior
513 1920 592 1950 videamus.
624 1920 652 1951 ÷ei
659 1920 748 1950 astereredu·

70 1979 115 1999 ornm.
423 1968 518 2007 musdffgat
527 1968 569 2005 'dmg
578 1968 595 2006 Q.
622 1966 750 1997 crucifixeranther

90 2017 107 2045 28
117 2015 190 2055 adinpleta
197 2013 221 2043 her
230 2017 255 2052 gat
264 2013 306 2051 ’ἕως
312 2015 322 2043 Σ
329 2013 366 2043 codd
373 2015 395 2042 ror
424 2020 448 2054 gat
454 2016 468 2044 D
473 2015 504 2045 RY
511 2015 532 2045 sor
541 2015 604 2046 crucifixi
610 2020 654 2045 eraut.
683 2014 749 2045 conficia-

69 2063 134 2103 impleta.
164 2063 216 2093 ueritas
227 2063 295 2101 deputata
304 2065 326 2091 est
336 2061 370 2100 (dur
381 2061 395 2099 Q
424 2064 476 2093 bantur
485 2063 507 2093 lor
515 2063 631 2093 convitiabantur.
642 2069 644 2071 ’

70 2112 95 2141 her
102 2111 184 2151 deputatus)
191 2111 213 2139 for
219 2114 291 2149 reputatus
297 2112 322 2139 est.
444 2119 462 2149 34
470 2111 557 2141 exclamauit
561 2110 609 2140 dicens
613 2110 662 2140 rhetor
666 2109 750 2140 exclamavit

90 2157 395 2198 29blasfemabantdiorblasphemabant.
424 2159 468 2189 Iesus.
500 2168 614 2197 —uocemagna
642 2157 749 2189 helihelilama

100 2208 239 2248 ,uaffnlibergat
249 2205 290 2237 SVO
299 2205 321 2236 for
331 2206 367 2235 Vah.
424 2207 448 2247 (a)
463 2208 537 2238 sabethani
553 2207 583 2245 (her
595 2207 634 2237 heloi
650 2207 689 2237 heloi
704 2207 749 2237 laura-

71 2257 132 2287 distrues
140 2257 171 2295 (her
180 2254 255 2293 destruxit)
265 2255 287 2284 for
297 2254 360 2284 destruis,
424 2255 504 2295 sabathani)
516 2256 538 2286 tor
550 2256 584 2285 Eloi
595 2255 628 2285 Eloi
638 2255 691 2285 lamma
701 2255 749 2285 sabac-

74 2301 337 2344 -DeiastertemplumdffleltuVQ
357 2301 395 2332 aedi·
423 2304 469 2337 thani.

71 2354 106 2383 fiens
112 2363 123 2383 n
130 2352 159 2383 dim
165 2353 180 2383 X
186 2353 208 2383 for
214 2351 299 2382 reaedificas,
453 2353 483 2383 heli
489 2363 496 2383 c
502 2353 562 2392 dffikn
568 2352 598 2383 dim
605 2353 624 2383 X.
656 2356 693 2383 -est
702 2351 751 2383 before

91 2411 108 2440 30
121 2401 210 2432 discendiens
223 2400 245 2430 lor
265 2400 351 2430 descendens
366 2399 395 2439 (see
425 2402 546 2441 interpraetatum.
582 2402 618 2431 inter
634 2405 715 2440 praetorum
727 2400 752 2430 her

72 2460 86 2489 p.
96 2449 115 2489 7).
425 2455 450 2489 gat
463 2449 556 2479 tPRCcodd
572 2448 594 2478 lor
610 2449 722 2488 interpretatum.

92 2506 108 2535 31
118 2497 196 2528 inludentes
203 2495 228 2526 her
234 2496 279 2526 dnrD
284 2496 325 2536 ἕως
332 2495 369 2526 codd
375 2495 397 2525 for
424 2497 516 2537 dirilinquisti
522 2498 543 2527 sor
550 2497 641 2537 dereliquisti,

72 2545 150 2577 illudentes.
179 2546 227 2576 saluos
233 2545 278 2574 facere
287 2545 320 2573 lecit
327 2544 396 2581 seipsum
444 2555 462 2584 55
472 2546 525 2574 heliam
532 2545 602 2584 ddffher
608 2549 633 2583 gat
639 2544 664 2574 VO
670 2544 692 2573 for
699 2543 752 2573 Elian.
776 2563 778 2566 ψ

72 2596 126 2630 noupot
130 2596 151 2623 est
156 2592 211 2622 saluum
216 2591 289 2621 forsalvos
294 2591 327 2621 iecit
334 2591 396 2630 seipsum
448 2595 495 2626 ,r-iste
502 2594 556 2634 dffgat
563 2594 577 2633 Q
583 2593 670 2625 arternum,

71 2649 101 2670 non
107 2643 154 2679 potest
160 2640 214 2677 saluum
222 2639 273 2670 facere.
528 2643 530 2647 ’
