1598 2809
283 85 335 121 THE
347 85 435 124 CELTIC
444 86 551 124 -GOSPELS
596 85 657 137 [Lura
665 97 714 125 111111,
725 97 758 134 7—

180 166 229 204 tradi
238 166 323 204 inmanus
332 167 429 205 hominum
438 174 559 216 peccatorum
566 173 585 205 et

170 273 172 277 ¹
180 229 261 279 crucifigi
270 230 376 269 ettertiadie
385 243 479 280 resurgere
488 230 494 251 ¹
502 238 520 271 et
529 233 637 271 recordatae

181 300 224 332 sunt
235 294 302 332 horum
311 294 412 333 uerborum
421 293 460 333 lEt
469 307 551 344 regresse
560 308 604 335 amo

181 364 271 396 nomento
280 359 412 397 nuntiauerant
420 359 433 398 l'r
443 359 505 398 omnia
514 360 550 398 illis
560 373 584 398 un

182 422 243 460 decim
253 427 271 460 et
280 422 358 461 caeteris
366 423 453 461 omnibus
462 422 477 446 ¹⁰
484 423 531 462 Erat
539 429 603 462 autem
613 425 672 463 maria

182 484 305 534 magdalenae
313 492 333 523 et
341 485 415 523 ohanna
421 491 440 523 et
450 486 508 524 maria
517 486 577 524 iacobi
587 492 606 525 et
615 493 668 527 caete

182 561 214 587 rae
223 561 313 599 quaecum
323 550 349 588 ets
358 546 411 588 erant
419 562 467 601 quae
477 551 564 590 dicebant
573 552 644 603 adapos

182 613 232 653 tulos
241 615 286 652 haec
295 612 310 636 ¹¹
316 620 334 653 et
343 614 383 652 uisa
391 621 436 653 sunt
444 620 488 653 ante
498 614 539 654 illos
548 616 596 654 sicut
605 605 677 655 delera-

183 683 246 716 menta
254 680 313 717 uerba
321 679 357 717 ista
365 684 385 717 et
392 680 530 718 noncredebant
538 679 575 718 illis
584 678 599 702 ¹²
606 693 629 732 pe

182 747 222 780 trus
231 748 293 781 autem
301 755 378 793 surgens
388 744 467 781 cucurrit
476 744 602 782 admouomen

182 811 223 844 tum
232 810 251 844 et
259 805 383 854 procumbens
393 806 441 844 uidit
450 806 554 844 lintiamina
563 807 603 845 sola

182 870 252 920 possita
261 876 280 908 et
289 869 348 925 habiit
357 882 421 908 secum
431 870 500 909 mirans
508 872 560 921 quod
569 870 620 910 factu

182 933 242 972 fuerat
249 932 264 954 ¹³
271 934 296 971 Et
306 946 348 972 ecce
357 934 394 971 duo
403 933 464 972 exillis
471 934 524 973 ibant
533 935 604 983 ipsadie
613 936 664 974 incas

182 997 246 1035 tellum
256 998 306 1047 quod
316 1003 356 1035 erat
365 998 446 1047 inspatio
456 999 560 1036 stadiorum
570 998 601 1038 lx.
611 1000 635 1037 ab

182 1060 283 1099 hirusalem
292 1061 368 1099 nomine
377 1074 463 1100 ammaus
472 1060 487 1083 ¹¹
495 1067 513 1100 et
523 1062 558 1111 ipsi
566 1062 624 1111 loque

182 1125 250 1162 bantur
259 1126 363 1163 adinuicem
372 1126 425 1162 dehis
435 1126 521 1164 omnibus
530 1139 578 1175 quae
587 1127 625 1165 acci

182 1190 248 1228 derant
258 1188 273 1210 ¹⁵
281 1190 306 1227 Et
315 1189 385 1228 factum
398 1196 414 1230 ÷
428 1189 473 1227 dum
483 1189 612 1228 fabularentur
619 1195 638 1227 et

182 1266 245 1293 secum
255 1259 353 1304 quererent
362 1244 381 1292 et
391 1254 430 1304 ipse
440 1254 468 1291 ihs
477 1255 630 1305 adpropinquans

182 1319 222 1357 ibat
231 1331 273 1357 cum
283 1318 318 1356 illis
326 1317 342 1340 ¹⁵
349 1318 404 1356 Oculi
413 1324 476 1356 autern
485 1318 559 1356 illorum
568 1324 612 1358 tene

183 1383 250 1421 bantur
258 1395 282 1420 ne
291 1386 415 1431 agnoscerent
424 1394 467 1419 eum
478 1379 493 1402 11
499 1388 517 1420 et
526 1382 553 1420 ait
561 1383 628 1422 adillos

182 1447 214 1494 qui
223 1451 267 1483 sunt
276 1445 302 1482 hii
311 1457 406 1483 sermones
415 1457 463 1494 quos
472 1445 560 1483 consertis
568 1446 592 1483 ad
602 1446 621 1484 in

182 1508 241 1548 uicem
251 1507 369 1547 ambulantes
378 1512 397 1547 et
407 1508 451 1547 estis
460 1507 521 1547 tristes
530 1506 545 1530 ¹⁸
552 1509 628 1559 Respon

182 1575 228 1613 dens
238 1587 284 1612 unus
294 1574 323 1612 cui
332 1585 400 1612 nomen
410 1578 449 1611 erat
459 1572 534 1624 cleopas
543 1574 593 1613 dixit
602 1575 629 1626 ei,

182 1646 202 1678 tu
211 1639 262 1677 solus
271 1639 375 1689 perigrinus
385 1650 404 1675 es
413 1637 534 1676 inhirusalem
543 1643 562 1676 et
571 1649 608 1677 non

183 1693 289 1754 cognouisti
297 1715 345 1753 quae
354 1702 404 1740 sacta
412 1707 457 1741 sunt
465 1702 484 1741 in
494 1701 525 1741 illa
533 1708 540 1741 ῑ
548 1701 576 1741 his
586 1702 638 1749 dieb3

182 1765 197 1788 ¹⁹
205 1765 272 1815 quibus
281 1766 311 1803 ille
322 1766 349 1803 dir
358 1778 406 1814 quae
415 1771 434 1803 et
443 1765 532 1803 dixerunt
541 1765 596 1803 deilru
606 1777 674 1803 nazare

183 1843 208 1870 uo
217 1830 249 1881 qui
259 1830 293 1869 luit
302 1831 331 1868 uir
339 1830 411 1880 profeta
420 1835 487 1880 potens
496 1830 515 1868 in
524 1841 581 1879 opere

103 1923 110 1954 7
120 1916 162 1946 tertia
169 1915 192 1944 die
198 1918 223 1953 gat
228 1914 251 1942 101
257 1913 270 1943 d.
277 1918 288 1943 t.

101 1964 110 1993 8
124 1960 339 2002 ehommabefflrgatdur.
361 1960 407 1991 —eius

84 2013 92 2042 b
92 2014 110 2052 ff
114 2017 138 2051 gat
145 2012 180 2042 after
185 2011 265 2041 verborum.

102 2069 111 2101 9
120 2070 182 2100 regresse
188 2069 197 2098 q
203 2058 220 2087 W
226 2057 248 2088 101
254 2066 329 2096 regressae
358 2065 407 2086 monn-

83 2112 131 2139 mento
140 2109 153 2137 E
162 2107 185 2137 101
193 2110 289 2136 monumento.
318 2103 359 2133 blor
367 2104 408 2135 haec.

111 2157 169 2187 caeteris
176 2159 201 2194 gat
208 2155 222 2183 D
228 2155 244 2183 Ξ)
249 2154 262 2183 R
268 2155 280 2184 Ο
286 2154 299 2183 Y
306 2153 328 2182 101
335 2153 388 2183 ceteris.

103 2214 120 2236 10
129 2204 223 2243 magdalenae
229 2202 248 2243 ff
250 2213 259 2242 q
266 2213 275 2239 μ
282 2202 292 2232 la
298 2206 323 2239 gat
333 2203 355 2232 101
366 2202 408 2239 Mag·

82 2254 137 2284 dalene.
169 2251 315 2282 ohannnforloanua.
345 2254 408 2279 caeterae

83 2302 105 2332 101
111 2306 169 2332 ceterae.
195 2299 268 2339 apostulos
275 2300 289 2329 G
295 2298 317 2328 101
324 2297 406 2337 Apostolos.

103 2358 119 2379 11
130 2351 225 2381 delerameuta
234 2348 251 2377 ΞΡ
258 2348 272 2378 Y
279 2348 293 2377 D
300 2348 312 2377 E
319 2347 333 2377 R
339 2346 369 2376 dim
376 2345 408 2385 (gat

83 2398 142 2436 derisus)
154 2398 176 2426 lor
188 2396 301 2426 deliramentum.
333 2394 408 2423 credebant

82 2456 92 2475 a
97 2446 121 2474 bd
123 2455 130 2474 e
131 2446 146 2485 f
145 2446 164 2485 ff
167 2455 190 2482 νμ
196 2444 234 2483 gath
241 2443 263 2471 101
269 2443 360 2472 erediderunt.

101 2503 110 2535 q
117 2495 130 2524 r's
136 2494 197 2533 missing
202 2493 219 2522 in
225 2501 270 2522 uersas
278 2500 291 2521 11
299 2495 313 2522 to
320 2500 342 2532 39.

103 2550 118 2572 11
129 2544 234 2573 monumentum
243 2541 256 2570 E
265 2541 287 2570 101
296 2542 407 2570 monumentum.

110 2590 190 2621 lintiamina
197 2589 211 2617 D
218 2589 235 2619 ff
241 2600 251 2626 μ
257 2588 287 2618 dim
294 2588 316 2618 lor
321 2588 407 2618 linteamina.

110 2639 164 2678 possita
173 2639 190 2667 R)
198 2648 208 2673 μ
217 2638 232 2666 D
239 2637 253 2675 Q
259 2637 273 2666 R
282 2636 312 2666 dim
320 2637 346 2666 dur
355 2640 380 2675 gat
386 2635 408 2664 101

82 2687 135 2728 posita.
164 2686 209 2717 habiit
216 2685 227 2717 C
234 2685 256 2716 101
262 2685 302 2716 abiit.

455 1922 472 1950 13
482 1913 507 1943 .lx.
513 1913 580 1952 afpdim
587 1917 611 1951 gat
617 1914 654 1943 codd
658 1914 680 1942 101
684 1913 762 1950 sexaginta.

464 1960 668 1998 hirusalemuforlerusalem.
697 1970 761 1992 ammaus

436 2019 445 2038 a
451 2009 459 2038 b
464 2019 471 2038 e
473 2009 492 2048 ff
494 2020 504 2038 r
509 2009 527 2047 (d
530 2009 609 2038 ulammaus
616 2019 620 2038 :
629 2014 654 2046 gat
659 2009 723 2047 amanus)
729 2010 761 2039 DE

435 2057 452 2085 'al'
459 2056 472 2086 R
479 2056 508 2085 dim
516 2057 537 2086 101
542 2057 615 2086 Emmaus.

456 2114 472 2143 15
483 2112 555 2144 quererent
563 2105 585 2134 ior
593 2109 681 2144 quaererent,
710 2105 761 2145 adpro-

436 2152 534 2192 pinquansflr
540 2155 551 2184 Σ
557 2152 610 2192 gatVO
615 2152 637 2182 101
642 2153 761 2193 appropinquans.

456 2202 473 2231 16
483 2207 575 2241 agnoscerent
580 2212 612 2231 eum
618 2212 628 2231 a
634 2201 645 2231 d
650 2213 659 2231 r
665 2202 677 2231 E
682 2202 695 2231 R
701 2202 724 2232 101
729 2213 742 2232 e.
748 2212 761 2233 a.

457 2255 473 2288 17
483 2249 504 2279 hii
510 2254 535 2289 gat
542 2249 579 2280 codd
586 2249 607 2279 for
614 2249 633 2279 hi.

457 2299 473 2327 18
486 2303 515 2327 —et
526 2297 573 2328 before
586 2297 683 2337 Respondeas.
717 2306 728 2335 a
732 2302 762 2328 erat

436 2346 761 2385 caerR'ngpdimgatafternomen.

465 2393 522 2431 cleopas
528 2393 539 2423 d
543 2403 550 2422 e
557 2404 581 2430 νμ
588 2393 597 2421 la
604 2398 615 2423 Σ
622 2398 647 2432 gat
655 2395 731 2423 Hamilton
740 2395 763 2423 101

437 2441 515 2482 Cleophas.
543 2441 622 2481 perigrinus
631 2442 667 2479 pW
675 2441 693 2480 (d
698 2442 762 2473 aduena:

437 2489 504 2529 ancora)
513 2489 536 2520 101
544 2490 630 2529 peregrinus.
658 2490 734 2522 birnsalem
740 2490 762 2521 101

436 2538 518 2569 Ierusalem
550 2537 762 2578 ÷1iorinabcdfffrEafter

437 2586 467 2618 illa.

458 2644 475 2674 ¹9
485 2634 504 2663 dr
513 2634 536 2664 101
547 2633 588 2664 dixit.
617 2634 685 2674 profetae
692 2636 720 2665 rD
728 2636 761 2666 ΞΟ

438 2693 448 2719 μ
455 2685 466 2714 Σ
472 2682 502 2713 dim
509 2681 530 2713 101
537 2681 611 2723 propheta.
