1598 2809
9 54 85 91 -Lt'nea
93 64 138 90 xxu.
148 52 166 101 5]
214 55 265 90 THE
278 55 366 92 CELTIC
379 56 482 92 GOSPELS
531 66 533 68 ’

108 140 155 185 quat
165 135 268 185 redemptio
278 141 340 175 uestra
349 134 363 157 ²³
371 140 390 175 et
398 137 472 176 dicebat
481 137 517 176 illis

109 199 251 238 similitudinem
260 200 329 239 Uidete
338 200 436 238 ficulneam
446 207 465 238 et

110 276 175 302 omnes
184 264 259 302 arbores
268 263 283 286 ³⁰
290 277 331 303 cum
341 265 447 314 producunt
456 278 502 304 exse

109 330 146 366 iam
155 328 235 365 fructum
245 328 297 366 scitis
306 329 394 377 quoniam
404 330 464 377 prope

111 396 138 429 est
147 395 208 429 aestas
217 389 231 411 ³¹
238 390 265 428 ita
274 396 292 429 et
301 403 335 429 uos
345 403 387 428 cum
396 390 480 428 uideritis
492 391 538 430 haec

109 454 149 493 fieri
158 454 225 493 scitote
234 454 322 505 quoniam
332 467 390 504 prope
399 460 427 492 est
437 459 495 504 regnu

111 520 130 558 di
137 517 152 553 ³²
157 518 220 556 Amen
229 518 271 557 dito
280 518 334 556 uobis
343 517 386 568 quia
395 529 432 556 non
442 519 521 568 praeteri

110 583 138 621 bit
147 582 242 633 generabo
251 582 296 621 haec
306 583 365 620 donec
374 582 437 620 omnia
446 582 492 621 fiant

111 646 126 669 ³³
132 646 204 686 caelum
214 651 233 684 et
241 652 290 685 terra
299 646 404 685 transibunt
413 645 428 668 ³³
435 647 540 687 Adtendite

111 716 175 749 autem
184 710 238 748 uobis
247 722 270 748 ne
279 710 326 748 sorte
335 715 436 759 grauentur
445 711 501 749 eorda

112 780 174 814 uestra
183 775 201 813 In
210 774 285 823 crapula
293 781 312 814 et
320 775 422 814 ebriaetate
430 780 449 813 et
459 775 508 814 curis

112 838 165 876 huius
174 839 225 876 uitae
234 844 253 876 et
260 852 315 888 super
324 838 387 877 ueniat
397 839 450 877 inuos
459 839 531 889 repenti

112 915 146 940 nus
155 903 194 940 dies
204 901 236 940 illa
245 901 259 924 ³⁵
265 909 362 952 tamquam
370 902 457 951 laqueum
467 904 516 940 enim

112 978 167 1016 super
174 965 236 1003 ueniet
245 965 328 1004 iuomnes
337 967 369 1018 qui
378 966 444 1005 sedent
453 979 509 1017 super

112 1029 179 1067 faciem
186 1029 236 1067 orbis
244 1034 304 1068 terrae
311 1029 326 1052 ³³
334 1030 418 1081 Uigilate
427 1031 491 1079 itaque

113 1092 165 1132 omni
174 1099 259 1143 tempore
267 1100 342 1132 orantes
352 1094 425 1145 utdigni
435 1093 494 1133 habea

113 1157 158 1195 mini
167 1156 242 1207 elugere
251 1157 287 1195 ista
296 1158 359 1196 omnia
367 1171 415 1208 quae
424 1163 503 1196 uentura

113 1227 157 1259 sunt
166 1227 185 1258 et
194 1227 244 1258 stare
252 1228 296 1258 ante
305 1221 363 1259 filium
375 1222 456 1260 hominis
464 1236 494 1259 :-

113 1282 127 1306 ³³
134 1284 181 1323 Erat
190 1290 254 1322 autem
264 1284 333 1324 doeens
343 1285 408 1324 diebus
417 1284 509 1335 intemplo

113 1347 201 1386 noctibus
210 1359 254 1384 uero
263 1348 329 1386 exiens
336 1347 444 1387 morabatur
453 1347 473 1386 in

115 1417 179 1450 monte
187 1411 219 1461 qui
227 1419 306 1451 uocatur
316 1412 379 1452 oliueti
389 1411 403 1434 ³³
410 1419 428 1451 et
437 1413 498 1452 omnis
507 1411 587 1463 populus
596 1444 598 1447 .

115 1476 221 1515 manicabat
230 1478 297 1515 adeum
306 1476 396 1526 intemplo
405 1489 430 1515 au

31 1540 92 1579 XXII
118 1540 157 1578 dire
166 1552 209 1578 eum
218 1538 453 1591 1Adpr0pinquabataute

115 1603 155 1642 dies
164 1602 222 1642 festus
231 1615 338 1642 azemorum
348 1603 380 1653 qni
388 1603 455 1642 dicitur
463 1615 497 1653 pas

115 1668 156 1706 cha.
166 1666 205 1705 2Εἴ
214 1668 318 1717 querebant
327 1667 419 1718 principes
428 1669 525 1707 sacerdotu

116 1737 134 1770 et
143 1731 214 1769 scribae
222 1732 319 1781 quomodo
327 1744 369 1770 eum
378 1731 503 1771 interficerent

115 1796 207 1832 timebant
216 1807 261 1831 uero
269 1796 344 1845 plebem
353 1794 391 1833 :-³
399 1796 486 1833 INtrauit

116 1863 179 1896 autem
188 1864 263 1896 satanas
272 1858 354 1897 Inludam
363 1859 394 1908 qui
404 1870 464 1908 cogno

117 1921 222 1960 minabatur
231 1921 324 1961 scariotha
335 1934 393 1961 unum
403 1923 465 1961 deduo

117 1985 177 2024 decim
186 1983 226 2024 Ἢ
233 1985 293 2024 habiit
302 1992 321 2025 et
330 1985 402 2025 loeutus
412 1991 440 2025 est
449 1999 491 2025 cum
500 1987 541 2037 prin

117 2050 189 2100 cipibus
198 2050 314 2089 sacerdotum
324 2055 343 2088 et
352 2050 491 2100 magistratibus

117 2125 173 2162 quem
182 2114 284 2151 admodum
294 2114 346 2151 illum
356 2115 437 2152 traderet
447 2114 473 2151 eis
482 2114 513 2152 ³et
522 2126 546 2164 ga

38 2217 55 2248 ²9
65 2208 122 2239 dicebat
128 2207 150 2238 for
157 2207 196 2238 dixit,
390 2208 407 2246 36
417 2207 571 2247 elugeremsorfugere.
591 2206 695 2246 uenturasd'mg

37 2265 55 2293 50
65 2257 72 2285 b
79 2255 183 2295 rarunrrrsrnm
189 2256 218 2285 xxi
226 2265 249 2294 30.
371 2256 393 2285 for
399 2257 450 2286 sutura.

37 2313 69 2334 exse
74 2305 103 2333 iam
110 2304 132 2333 ior
138 2305 147 2333 i.
154 2313 166 2333 e,
172 2313 183 2334 s.
390 2309 407 2342 37
417 2304 468 2333 docens
474 2303 523 2333 diebus
529 2303 551 2332 ior
556 2303 605 2332 diebus
611 2302 666 2332 doeens.

38 2361 56 2391 33
68 2352 127 2382 -uerba
135 2356 182 2383 autem
191 2361 222 2382 mea
230 2362 258 2382 nou
265 2352 343 2384 transibunt
390 2351 434 2381 XXII
445 2360 451 2380 1
462 2351 589 2392 Adpropinquabat
595 2350 658 2391 afpgnt
664 2350 695 2380 dim

19 2400 38 2438 hy
45 2401 171 2431 homoeoteleuton
372 2399 588 2439 dEVOIorAppropinquabat.
613 2409 694 2430 azemomm

38 2456 56 2487 34
66 2448 143 2478 Adtendite
149 2447 207 2487 dffflq
214 2448 245 2477 Iren
251 2458 266 2488 ν2
271 2448 314 2484 pdim
319 2451 344 2486 gat
372 2448 386 2477 D
392 2447 405 2476 E
410 2447 443 2476 ΨΚ
450 2452 474 2484 gat
481 2457 495 2484 ν,
499 2457 510 2482 μ
516 2447 546 2476 dim
551 2446 573 2476 ior
578 2446 669 2483 Azytnorum.

19 2496 57 2526 codd
69 2496 91 2526 lor
102 2495 179 2526 Attendite,
211 2496 287 2526 ebrlaetate
298 2497 311 2526 E
322 2496 344 2526 for
393 2504 400 2525 2
411 2496 486 2534 querebant
488 2494 552 2535 ffqr2l)
559 2494 580 2524 ior
586 2494 676 2533 quaerebant.

19 2544 90 2575 ebrietate.
119 2545 199 2583 repentinus
206 2544 228 2574 lor
234 2546 310 2583 repentina.
372 2554 404 2573 eum
411 2543 489 2583 bdaffqr²
494 2555 504 2580 μ
510 2549 534 2582 gat
541 2542 566 2572 VO
572 2542 594 2572 for
599 2542 652 2573 Iesum.

38 2601 55 2632 35
66 2594 131 2632 laqueum
139 2593 162 2622 lor
171 2593 234 2632 laqueus.
263 2594 300 2623 orbis
310 2594 344 2631 Aug
392 2601 399 2629 3
410 2591 479 2621 scariotha
486 2592 513 2621 Hil
520 2592 542 2621 lor
548 2591 626 2621 iscariotes.

20 2651 34 2678 rz
39 2652 49 2678 μ
55 2642 85 2672 dim
92 2641 118 2671 dur
125 2641 138 2680 Q
145 2641 167 2671 lor·
174 2642 224 2671 omnis.
391 2650 400 2680 4
409 2639 455 2670 habiit
461 2638 483 2670 lor
489 2640 529 2671 abiit.
