1598 2809
289 112 341 148 ann
354 101 442 150 canno
454 112 558 150 oosams

198 192 250 232 Ioras
259 198 323 232 antem
332 192 398 244 genuit
406 194 466 232 oziam

199 256 280 295 ⁹Oziam
288 263 351 295 autem
361 258 426 306 genuit
435 257 507 295 iotham

200 315 276 355 lotham
285 323 348 356 autem
357 318 422 369 genuit
431 317 488 367 achaz

199 380 267 419 Achaz
276 387 339 420 autem
348 378 412 432 genuit
421 380 516 420 ezechiam
544 422 547 426 ,

201 442 217 467 ¹⁰
224 445 314 484 Ezechias
322 452 385 483 antem
394 445 459 496 genuit
469 457 546 485 mannes

202 509 312 548 Mannasses
320 514 383 548 autem
392 510 457 559 genuit
466 516 519 548 amos

200 573 261 612 Amos
269 580 332 612 antem
342 574 407 623 genuit
415 573 481 613 iosiam

203 634 218 658 Π
225 636 284 675 iosias
293 643 356 674 autem
365 638 429 686 gennit
437 637 542 674 iechoniam

483 706 503 738 et
511 699 539 738 ira

204 758 242 792 tres
251 754 290 792 eins
299 752 502 804 intransmigrationem

204 816 297 855 babilonis
306 815 321 838 n
329 823 348 855 et
358 823 402 866 post
410 817 539 867 transmigrati
588 835 589 839 =

205 892 260 918 onem
270 879 376 932 babiloniae
384 880 479 920 iechonias

206 948 268 983 autem
278 945 343 994 genuit
351 944 438 983 salathiel

205 1006 290 1046 salathiel
299 1013 363 1046 autem
372 1008 437 1057 gennit
446 1021 490 1047 zora

206 1072 262 1109 babel
299 1070 314 1093 ¹³
320 1071 420 1109 zorababel
429 1078 492 1109 autem
501 1083 551 1122 genu

207 1135 222 1171 it
232 1134 290 1173 abiud
326 1135 383 1174 abiud
393 1140 455 1173 autern
466 1134 531 1183 genuit

208 1197 294 1236 eliachim
304 1197 398 1237 Eliachim
407 1204 470 1237 autem
480 1211 504 1249 ge

208 1262 248 1300 nuit
257 1275 300 1300 azor
335 1260 410 1301 l“Azor
419 1268 482 1300 autem
492 1263 556 1313 gennit

209 1326 266 1364 sadoc
300 1326 357 1366 sadoc
368 1332 432 1366 antem
442 1327 508 1377 genuit

209 1390 270 1428 achim
307 1390 377 1428 Achim
386 1397 450 1428 autem
459 1392 524 1438 genuit

209 1451 259 1490 eliud
294 1451 443 1492 1⁵Eliud‘autern
453 1453 518 1504 genuit

211 1517 278 1556 eliazar
288 1517 367 1557 Eleazar
376 1523 439 1556 autem
448 1529 472 1567 ge

211 1582 253 1619 nuit
262 1582 347 1620 matham
357 1581 424 1619 Matha
431 1586 475 1620 ante

211 1645 277 1694 genuit
286 1645 340 1684 iacob
349 1643 364 1666 ¹¹⁵
372 1644 430 1684 Iacob
439 1650 502 1683 antem

213 1709 277 1756 genuit
286 1709 350 1759 ioseph
360 1708 498 1746 uirum'mariae

214 1773 275 1821 dequa
284 1779 338 1809 natus
348 1779 376 1809 est
385 1772 413 1809 ihs
422 1772 454 1820 qui

215 1841 292 1872 uocatur
301 1840 338 1886 xps
346 1834 361 1857 ¹⁷
369 1834 440 1874 Omnes
449 1846 494 1886 ergo

214 1899 343 1948 generationes
352 1905 396 1938 sunt
405 1899 506 1937 abracham
770 1902 779 1935 5

124 1962 133 1991 8
142 1962 182 1992 Ioras
188 1961 228 2000 (sec.)
236 1961 295 2001 (25ng
301 1964 311 1991 B
318 1963 340 1992 ior
346 1962 396 1993 iotam.
457 1966 472 1991 at
478 1962 498 1992 its
504 1960 539 1992 ends
547 1961 582 1992 with
591 1972 600 1992 a
609 1961 634 1992 dot
643 1962 689 1992 above
698 1961 726 1991 and
736 1960 784 1992 below,

124 2012 153 2051 8,9
163 2011 213 2041 Oziam
219 2009 261 2049 (see.)
269 2010 297 2040 lam
304 2011 334 2040 ΤΥ
342 2012 363 2041 lor
370 2011 412 2042 ozias.
458 2010 482 2041 the
493 2010 526 2048 line,
536 2010 564 2040 and
574 2021 583 2039 a
592 2010 649 2049 symbol
658 2009 687 2040 lilre
697 2010 720 2040 the
730 2009 783 2039 Arabis

124 2069 132 2099 9
142 2058 332 2096 lotham(twioe)herlarnD
337 2060 427 2094 torioatham.
458 2058 521 2087 numeral
528 2066 535 2086 z
543 2057 588 2088 above
594 2058 606 2087 it
612 2067 627 2088 as
633 2058 648 2087 in
654 2067 693 2088 verse
700 2065 721 2087 21.

125 2115 142 2135 io
152 2115 210 2136 mannes
217 2105 252 2135 nith
258 2116 283 2134 sen
289 2107 303 2135 in
309 2106 334 2135 the
340 2108 400 2143 margin,
408 2106 430 2135 for
478 2116 494 2137 12
505 2106 577 2138 ieehonias
587 2111 649 2140 mutem
656 2106 666 2137 d
671 2113 696 2146 gat
702 2107 715 2137 E
720 2107 738 2138 R,

101 2165 192 2185 mannassen.
213 2163 294 2183 mannasses
298 2159 323 2193 gat
327 2155 348 2183 ior
353 2164 428 2184 manasses.
478 2164 500 2193 12,
509 2163 525 2192 13
535 2155 610 2186 zorababel
618 2155 671 2195 (traice)
677 2154 783 2185 iorzorobabel.

134 2204 180 2233 Amos
189 2201 243 2242 (twice)
250 2201 304 2242 leqher
311 2208 336 2241 gat
342 2202 372 2232 lam
380 2203 394 2232 D
399 2203 430 2241 Qn
479 2212 495 2241 15
506 2204 558 2234 eliazar
559 2204 573 2244 s
576 2205 601 2234 her
608 2204 638 2234 iam
644 2205 666 2234 lor
672 2205 730 2234 eleazar,

107 2252 181 2282 loramon.
459 2252 523 2281 matham
533 2252 563 2281 lam
573 2253 595 2282 ior
605 2253 675 2282 mattham
703 2251 785 2281 Mathaior

128 2308 143 2329 ιι
154 2300 204 2330 Before
212 2302 226 2329 et
234 2299 283 2328 iratres
292 2298 316 2328 the
325 2298 354 2328 line
361 2298 373 2328 is
379 2297 431 2328 almost
460 2299 534 2330 matthan

108 2348 167 2386 entirely
178 2347 231 2377 erased.
257 2346 396 2385 transmigrationem
409 2346 431 2375 lor
480 2353 496 2385 17
507 2347 745 2378 snntabraehamiorababraham.
755 2348 786 2377 Tite

109 2396 235 2435 transmigratione
461 2395 507 2424 words
514 2405 557 2434 nsque
564 2396 582 2424 ad
589 2396 634 2424 dauid
641 2398 738 2435 generationes
746 2399 786 2436 quat-

129 2452 151 2482 11,
160 2453 175 2474 12
185 2443 257 2474 babilonis
261 2444 282 2473 ior
288 2442 366 2482 babylonis.
392 2442 432 2473 babi—
461 2443 538 2473 tnorriecim
548 2448 562 2472 et
572 2455 580 2473 a
590 2444 634 2473 dauid
643 2454 687 2484 nsque
695 2444 713 2474 ad
721 2443 787 2475 transmi-

110 2492 156 2523 loniae
162 2492 187 2523 her
193 2497 217 2532 gat
224 2492 252 2522 lam
259 2492 281 2522 ior
287 2491 366 2531 babylonis.
461 2493 538 2530 grationem
545 2492 622 2531 babylonis
629 2493 725 2531 generationes
731 2497 787 2533 quatiu-

129 2541 158 2570 dz's
164 2542 224 2580 zrzirriag
231 2541 240 2571 i.
247 2549 281 2570 1-11
289 2542 319 2570 aad
324 2541 433 2579 begianatnerse
463 2541 524 2571 ordecim
536 2545 550 2571 et
559 2551 568 2570 a
578 2542 700 2579 transmigratione
713 2540 788 2581 babylonis

111 2598 133 2619 iz.
153 2590 213 2627 bbzgins
219 2590 255 2618 nim
261 2589 290 2618 tlzz‘s
297 2589 337 2619 coord
341 2588 417 2627 babylonis.
462 2598 506 2628 usqne
514 2588 531 2618 ad
538 2588 606 2619 christum
613 2591 710 2628 generationes
715 2594 788 2630 quattuor-

130 2639 169 2667 Aiter
178 2638 258 2667 babiloniae
267 2638 305 2667 there
314 2638 341 2667 isa
348 2639 383 2676 sign.
404 2637 433 2667 Onr
463 2637 508 2667 decim
516 2646 539 2667 are
546 2636 608 2676 missing,

111 2687 168 2718 scribe's
173 2687 204 2727 sign
209 2687 272 2717 forestis
280 2691 296 2720 kh
304 2696 320 2717 or
326 2697 335 2717 a
341 2687 370 2716 line
376 2686 434 2716 hooked
