1598 2809
312 68 364 105 THE
377 67 465 106 CELTIC
478 67 582 106 GOSPELS
641 65 703 117 [Lmen
711 77 730 104 n.
739 77 784 115 37-

221 148 278 188 debat
287 149 384 200 detemplo
395 147 460 189 ieiunis
468 155 487 189 et
496 148 656 189 obsecrationibus

221 213 303 253 seruiens
311 214 337 253 do
345 220 399 254 nocte
408 227 429 254 ac
438 214 469 253 die
478 212 493 238 ³⁸
499 218 517 253 et
526 214 572 253 haec
582 214 623 264 ipsa
631 213 678 252 hora

220 290 275 327 super
284 278 359 317 ueniens
367 278 493 318 confitebatur
501 278 539 317 dr'ro
550 284 570 316 et
578 277 634 327 loque
748 280 783 313 234

221 341 277 381 batur
285 342 343 381 delllo
351 343 438 381 omnibus
446 343 479 392 qul
488 341 625 393 exspectabant
634 353 654 379 re

222 407 350 455 demptionem
359 406 458 444 israhelem
467 405 482 429 ³⁹
488 412 507 444 et
515 413 537 444 ut
545 405 662 454 perfecerunt
670 416 703 442 om

221 468 252 506 nia
261 468 375 507 saecundum
384 467 446 519 legem
455 468 487 506 diri
496 468 608 506 reuersisunt
619 465 677 517 iugali

223 532 271 572 leam
280 531 396 572 inciuitatem
405 545 459 572 suam
467 532 556 572 nazareth
566 531 581 555 4⁰
588 522 636 570 Puei
645 536 690 571 aute

222 597 318 635 erescebat
326 602 346 634 et
356 589 493 635 confortebatur
502 596 568 647 plenus
576 595 670 645 sapientia

222 666 241 699 et
250 661 310 710 gratia
318 659 338 698 di
347 668 387 699 erat
395 659 447 698 inillo
455 658 470 683 4¹
478 660 503 699 Et
512 660 563 698 ibant
572 666 657 709 parentes
667 660 705 697 eius

223 736 256 772 per
265 735 331 760 omnes
339 735 398 760 annos
407 723 537 761 inhierusalem
547 724 596 761 indie
604 722 670 761 sellem

223 786 265 836 pnis
273 786 354 836 paschae
362 783 402 824 4let
411 798 453 825 cum
463 786 523 825 factus
532 786 596 825 luisset
605 786 633 824 ihs
642 798 667 824 an

223 863 290 888 norum
299 850 399 888 duodecim
408 850 553 888 ascendentibus
562 850 598 890 illis
608 850 658 889 inhie

224 912 331 951 rusolimam
341 912 454 951 saecundum
463 913 615 952 consuetudinem
624 912 643 951 di

224 977 241 1016 ei
250 976 292 1017 sesti
300 975 316 999 ‘²³
322 977 455 1015 consummatis
464 989 500 1026 que
509 976 575 1016 diebus
584 989 626 1015 cum
636 989 688 1015 reuer

224 1045 306 1079 terentur
315 1039 404 1079 remansit
413 1051 459 1089 puer
467 1039 495 1078 ihs
504 1039 522 1077 in
531 1039 643 1078 hiemsalem

224 1109 243 1143 et
252 1109 418 1155 noncognonerunt
428 1109 514 1155 parentes
523 1104 563 1142 eins
571 1102 692 1143 44existiman

224 1174 253 1207 tes
262 1175 324 1207 autem
334 1168 386 1206 illum
395 1181 436 1206 esse
444 1168 553 1207 incomitatu
563 1168 662 1207 Uenerunt

224 1233 260 1270 iter
268 1231 305 1270 diei
314 1237 333 1270 et
342 1232 462 1282 requirebant
471 1244 512 1270 eum
523 1231 661 1283 intercognatos
670 1236 689 1270 et

226 1294 292 1345 nlotos'
298 1293 313 1317 ⁴⁵
319 1301 338 1334 et
347 1307 385 1333 non
394 1295 507 1333 inuenientes
516 1296 629 1335 reuersisunt
637 1295 708 1333 inhieru

213 1375 215 1378 ·
224 1357 283 1395 salem
292 1357 405 1407 requirentes
414 1370 457 1395 eum
465 1356 481 1380 4⁶
489 1358 515 1394 Et
524 1358 593 1395 sactum
603 1364 631 1396 est
639 1363 682 1409 post

224 1422 308 1460 triduum
317 1423 428 1460 inuenerunt
437 1420 489 1459 illum
498 1421 592 1473 intemplo
601 1421 659 1460 seden

225 1492 263 1525 tem
272 1485 355 1524 inrnedio
363 1486 463 1524 doctorum
472 1486 580 1524 audientem
588 1485 631 1524 illos
640 1492 659 1524 et
667 1485 686 1523 in

225 1555 353 1599 terrogantem
361 1547 377 1571 4⁷
382 1550 483 1598 stupebant
492 1555 556 1588 autem
565 1562 629 1587 omnes
639 1548 704 1599 qulieu
753 1551 788 1585 235

227 1611 329 1651 audiebant
337 1625 394 1662 super
402 1613 500 1663 prudentia
508 1619 527 1652 et
537 1614 628 1663 responsis

226 1676 266 1715 eius
274 1674 289 1697 4⁸
295 1682 314 1714 et
323 1676 409 1715 uidentes
419 1677 505 1715 admirati
514 1681 558 1714 sunt
566 1681 585 1714 et
594 1688 637 1715 cum
646 1675 695 1715 uidis

227 1749 268 1779 sent
277 1753 320 1778 eum
329 1747 446 1790 expauerunt
455 1747 474 1779 et
483 1740 531 1780 dixit
540 1746 600 1779 mater
609 1741 647 1778 eius
656 1741 681 1779 ad

226 1803 278 1843 illum
287 1803 319 1842 filii
327 1805 373 1854 quid
382 1803 440 1844 iecisti
449 1805 502 1844 nobis
511 1817 553 1844 ecce
561 1811 615 1855 pater
623 1811 667 1843 tuus

226 1873 245 1906 et
254 1880 290 1917 ego
299 1866 384 1906 dolentes
392 1874 412 1907 et
419 1868 482 1907 triStes
491 1869 627 1917 quaerebamus
636 1874 655 1906 te
688 1871 690 1874 ’

114 2021 191 2053 scandebat
200 2020 223 2061 bf
227 2019 253 2051 her
260 2031 271 2059 μ
280 2024 305 2060 gat
315 2019 348 2050 deer
357 2020 372 2049 D
378 2020 438 2060 {1⁰ng
485 2031 502 2060 4²
513 2021 561 2052 luisset
571 2022 596 2052 her
606 2022 622 2051 ff
628 2021 639 2051 F
646 2021 680 2052 HY
689 2021 712 2052 int
721 2027 762 2052 esset.

114 2070 137 2101 ior
151 2069 237 2102 discedebat.
271 2069 321 2099 ieiunis
334 2079 343 2108 q
354 2070 379 2099 her
391 2080 402 2106 μ
414 2074 439 2108 gat
470 2070 607 2103 ÷ihsafternissen

115 2119 145 2149 dim
153 2119 220 2150 Μῶν
228 2118 290 2148 ieiuniis.
323 2118 357 2147 'edo
366 2118 402 2147 alter
411 2126 438 2148 ser·
467 2118 791 2157 inhiemsolimamgatumtvforlerose

114 2167 153 2198 niens
161 2168 174 2205 (e
180 2165 215 2204 diro)
222 2178 232 2204 μ
238 2166 268 2195 dim
274 2166 307 2196 dees
313 2170 338 2205 gat
343 2167 358 2195 D
363 2165 381 2195 R.
467 2166 524 2204 lymam.
552 2165 640 2197 saecundum
646 2166 669 2196 ior
675 2165 756 2197 secundum.

134 2215 151 2254 38
161 2215 262 2253 exspectabant
268 2224 277 2253 q
282 2225 293 2250 μ
298 2214 328 2243 dim
334 2214 376 2251 ffmg
382 2213 394 2243 B
400 2213 414 2242 K
419 2213 439 2241 m
485 2223 503 2251 43
513 2218 614 2243 reuerterentur
620 2213 631 2243 d
639 2213 732 2244 iortedireut.
761 2215 791 2244 hle·

115 2262 137 2293 for
143 2262 240 2302 expectabant.
270 2260 346 2292 israhelem
353 2259 385 2300 (her
391 2259 438 2290 hiern-
467 2260 526 2291 rusalem
532 2260 564 2291 abc
569 2260 580 2290 d
582 2270 590 2291 e
589 2259 613 2300 sq
618 2261 628 2291 Ιι
633 2271 643 2296 μ
650 2264 676 2300 gat
681 2262 703 2291 sor
709 2261 791 2292 ierusalem.

115 2310 165 2349 salem)
171 2311 193 2341 ior
199 2309 248 2340 lsrael.
486 2317 504 2346 45
514 2308 578 2338 reuersla
584 2309 595 2338 d
598 2318 605 2337 e
605 2308 620 2347 f
622 2318 631 2338 r
637 2309 650 2339 G
655 2308 669 2338 Y
674 2308 791 2349 herforregressi.

134 2366 152 2398 39
161 2356 246 2388 saecundum
253 2357 275 2388 ior
283 2355 364 2388 secuudumv
403 2354 440 2395 gali·
495 2356 578 2386 hiemsalem
586 2356 620 2396 abq
626 2367 635 2386 r
640 2361 665 2396 gat
671 2357 693 2387 lor
699 2357 781 2389 Ierusalem.

114 2405 152 2437 leam
158 2416 167 2436 a
168 2405 181 2444 s
181 2406 207 2446 ffq
213 2415 235 2442 νμ
241 2405 266 2436 her
272 2405 379 2436 deerdimDss'
384 2405 396 2435 C
401 2405 439 2435 GW
486 2404 505 2443 46
516 2415 557 2435 -eos
563 2414 573 2435 u
579 2404 604 2435 her
610 2405 646 2435 alter
652 2406 768 2445 interrogantem.

115 2455 128 2485 O
135 2454 213 2485 Hamiltou
219 2454 241 2484 ior
248 2453 333 2485 Galilaeam.
485 2453 504 2491 48
518 2457 547 2484 eet
553 2463 585 2483 enm
592 2453 660 2484 uidissent
666 2463 700 2484 eum
706 2459 793 2494 expauemut

133 2512 152 2541 40
161 2502 266 2533 eoniortebatur
271 2501 297 2532 her
302 2508 327 2540 gat
336 2502 358 2531 ior
367 2502 439 2531 couiorta-
468 2501 484 2539 (r
489 2506 503 2530 et
509 2501 541 2529 uiso
547 2501 574 2530 illo
581 2501 679 2541 expaueruut).
710 2502 738 2532 filii
744 2503 769 2533 her
775 2503 792 2532 'tl'

114 2549 161 2581 batur.
467 2549 625 2589 gatQAlliorFili.
657 2551 793 2583 —slcaiternobis

134 2597 439 2638 41hiemsalemdefaqrafortemsa·
468 2598 528 2628 arber
541 2598 584 2636 ἕως
597 2598 673 2629 CTAM.
706 2603 734 2630 ÷et
746 2600 793 2632 tristes

115 2646 148 2677 tem.
176 2646 258 2686 sollempnis
263 2647 285 2676 for
291 2646 355 2676 solemni.
468 2646 504 2676 aiter
510 2646 574 2677 dolentes
581 2647 639 2687 adeffl
644 2658 653 2687 q
658 2657 668 2678 r
673 2653 698 2688 gat
704 2648 723 2679 G.
