1598 2809
59 108 90 141 142
260 97 311 132 rna
324 97 413 135 cenric
425 97 529 135 nosram
582 83 648 147 [urai
657 107 682 135 n.
689 109 733 142 14-

168 177 217 217 dixit
225 178 242 216 ei
251 178 288 216 iam
297 191 335 217 non
344 178 423 229 amplius
432 179 547 218 inaeternum
555 179 635 230 quisque

169 248 214 281 exte
222 240 293 281 fructus
302 243 402 281 manducet
411 248 430 280 et
439 243 541 281 audiebant
550 243 621 294 discipu

170 305 183 343 li
192 305 233 342 eius
239 303 255 327 1⁵
261 312 280 343 et
289 306 367 343 ueniunt
375 306 514 344 hierusolimam
525 311 544 344 et
553 318 594 344 cum
604 307 653 344 intro

170 369 214 408 isset
222 368 315 419 templum
324 370 385 420 caepit
394 369 453 408 iecere
461 369 564 408 uendentes
573 377 592 409 et
601 382 654 409 emen

170 439 199 471 tes
209 434 300 483 intemplo
310 441 330 471 et
339 446 413 471 mensas
422 433 588 473 nummulariorum
597 441 616 473 et
625 446 647 472 ca

170 496 247 535 thedras
256 498 377 536 uendentium
386 495 482 536 columbas
490 498 558 537 euertit
564 496 578 520 ¹⁶
586 505 605 537 et
614 509 651 537 non

171 562 245 600 sinebat
254 568 274 599 ut
284 562 382 612 quisquam
392 574 426 600 uas
434 568 486 600 trans
495 561 550 601 ferret
558 574 591 613 per

172 624 264 674 templum
270 623 284 647 1⁷
291 632 309 663 et
319 626 397 664 docebat
407 626 469 665 dicens
478 626 514 665 illis
523 638 586 665 nonne
594 627 643 677 scrip

173 695 213 728 tum
223 694 251 727 est
260 689 304 738 quia
312 689 380 726 domus
389 702 432 726 mea
441 691 507 727 domus
516 690 606 727 orationis

173 751 269 789 uocabitur
278 751 364 789 omnibus
373 753 460 802 gentibus
469 765 502 790 uos
512 758 573 790 auteur
583 752 600 790 fe

174 814 222 853 cistis
232 826 274 852 eam
283 814 391 863 speluncam
400 815 494 854 latronum
500 814 514 868 l
519 817 622 867 querebant

174 878 239 927 18Quo
248 878 313 916 audito
322 879 414 929 principes
423 881 540 919 sacerdotum
550 886 568 918 et
577 880 647 918 scribae

175 943 270 992 quomodo
279 954 321 979 eum
330 942 429 991 perderent
438 943 529 980 timebant
537 944 587 980 enim
595 955 638 980 eum

176 1004 263 1056 quoniam
275 1005 416 1044 uniuersarurba
425 1005 553 1045 admirabatur
562 1019 617 1056 super

176 1070 279 1108 doctrinam
289 1069 328 1106 eins
333 1066 347 1120 l
352 1070 424 1107 aridam
433 1069 501 1107 factam
511 1070 616 1108 aradicibus

177 1132 192 1156 ll
199 1133 245 1171 Ette
255 1131 270 1155 ²⁰
277 1138 295 1170 et
305 1144 403 1171 cummane
412 1134 496 1172 transiret
505 1133 591 1172 uiderunt
601 1134 656 1173 ficum

178 1198 192 1222 ²¹
199 1202 218 1235 et
227 1198 301 1235 redatus
310 1202 373 1245 petrus
382 1197 427 1235 dicit
436 1197 452 1235 ei
462 1197 515 1235 rabbi
525 1210 568 1236 ecce
577 1196 622 1235 ficus
631 1198 660 1236 cui

179 1260 227 1299 male
236 1260 301 1298 dixisti
310 1260 359 1298 aruit
365 1258 379 1281 ²2
387 1260 413 1299 Et
422 1261 536 1310 respondens
544 1261 572 1299 ihs
581 1262 608 1299 ait
617 1261 653 1300 illis

177 1325 244 1362 habete
253 1324 310 1361 fidem
319 1324 339 1361 di
346 1322 360 1344 ²³
366 1325 518 1362 amendicouobis
527 1325 570 1373 quia
579 1326 633 1373 quien
708 1329 742 1362 192

179 1400 215 1437 que
224 1385 273 1424 dixit
282 1387 324 1425 huic
333 1387 393 1424 monti
402 1386 467 1425 tollere
477 1393 495 1425 et
505 1388 578 1425 mittere
587 1388 638 1427 inma
686 1396 688 1400 “

180 1465 200 1491 re
207 1458 225 1490 et
234 1464 270 1489 non
279 1451 397 1489 hessitaucrit
406 1452 425 1489 in
436 1453 491 1490 corde
500 1465 534 1491 suo
543 1454 576 1491 sed
585 1453 635 1492 credi

181 1517 229 1555 derit
238 1515 282 1565 quia
291 1515 422 1565 quodcumque
431 1515 499 1555 dixerit
509 1516 541 1554 ilat
549 1516 582 1554 fiat
591 1518 608 1555 ei

180 1579 194 1602 ²¹*
202 1580 303 1629 Propterea
312 1579 353 1616 dico
362 1579 415 1616 uobis
425 1579 487 1616 omnia
496 1592 544 1628 quae
553 1592 595 1617 cum
604 1593 641 1629 que

181 1649 255 1683 orantes
264 1643 332 1694 petetis
341 1643 411 1681 credite
420 1643 464 1692 quia
473 1643 567 1692 accipietis
575 1649 594 1682 et
604 1644 646 1682 ueni

180 1714 199 1746 et
209 1706 283 1745 uobis²⁵
290 1706 315 1743 Et
324 1719 367 1744 cum
377 1707 451 1745 stabitis
460 1707 575 1745 adorandum
585 1709 628 1746 dem

183 1772 233 1811 ittite
241 1771 303 1820 siquid
313 1770 385 1809 habetis
395 1772 483 1809 aduersus
493 1771 573 1821 aliquem

184 1843 204 1874 ut
213 1841 232 1873 et
241 1841 294 1884 pater
302 1841 363 1872 uester
372 1835 481 1883 quiincaelis
489 1841 517 1873 est
526 1836 615 1874 demittet

184 1899 237 1938 uobis
246 1905 321 1949 peccata
330 1896 410 1948 uestras
416 1899 489 1936 bularet
498 1899 589 1948 intemplo

184 1961 199 1985 ²7
205 1961 232 1999 Et
240 1961 317 1999 ueniunt
327 1974 388 1999 rursus
396 1960 524 2001 hirusulimnm
534 1969 604 2002 etcum
613 1975 643 2002 nm

94 2067 111 2096 14
120 2058 193 2097 quisquam
200 2060 231 2086 exte
237 2055 289 2084 fructus
296 2054 330 2084 Ord.
333 2053 347 2093 f
344 2054 362 2092 ff
365 2054 397 2093 (her
425 2060 466 2091 esset,
473 2055 569 2094 egrediebatur
576 2056 594 2085 de
601 2057 661 2087 civitate.

74 2106 109 2147 inte)
116 2105 147 2137 RG
154 2106 176 2136 sor
182 2116 199 2136 ex
205 2108 219 2134 te
226 2104 285 2134 fructum
292 2103 369 2142 quisquam.
445 2113 462 2134 ao
472 2105 535 2134 transiret
536 2106 553 2143 ff
555 2114 577 2145 qr
582 2105 595 2134 G
600 2105 619 2135 M*
625 2106 647 2135 for
653 2106 730 2137 transirent

94 2165 110 2193 15
119 2155 226 2185 hierusolimam
232 2154 257 2182 her
264 2156 288 2191 gat
294 2152 310 2180 ff
315 2152 337 2181 ior
343 2152 398 2180 leroso·
446 2162 461 2182 21
467 2153 635 2183 redntnsiorrecordatus
646 2154 748 2184 dicirfordixit,

75 2205 133 2242 lymam.
161 2198 329 2240 -inbcioretemplnm
354 2199 398 2228 iecere
446 2208 463 2236 ²3
473 2199 509 2229 dixit
519 2200 602 2230 iordixerit.
631 2200 750 2231 hessltaueritlrer

75 2252 154 2281 ioreiicere.
182 2246 399 2286 nummulariornmddffdqr2
427 2247 503 2285 porga
521 2247 751 2287 (adnerranerirmorhaesitave-

75 2306 99 2337 gat
106 2299 131 2329 her
137 2297 162 2328 VO
168 2298 189 2328 ior
196 2296 310 2327 numulariorum
426 2295 449 2325 rit.
477 2295 502 2325 fiat
509 2296 574 2335 (second)
582 2297 604 2326 ior
609 2297 638 2327 liet.

96 2347 113 2377 ro
122 2356 148 2377 uns
153 2351 191 2377 trans
197 2346 238 2376 ferret
245 2345 281 2376 Ord.
299 2344 399 2385 lrr¹2herDIrl³
447 2353 464 2382 ²4
474 2344 524 2382 petetis
534 2344 553 2374 ΝΤ
565 2346 588 2374 tor
598 2345 651 2385 petitis.
673 2351 694 2380 ,et
704 2347 751 2377 ueniet

77 2397 107 2435 QC
113 2395 126 2424 T
133 2395 170 2425 codd
177 2395 198 2424 sor
205 2394 283 2424 transferret
290 2404 320 2424 uas.
427 2393 452 2422 her
458 2392 493 2421 Dm
498 2392 512 2431 Q
518 2392 555 2422 codd
561 2392 583 2423 for
589 2393 658 2424 evenient.

96 2449 113 2483 17
123 2443 153 2474 illis
159 2443 208 2484 dffkp
215 2442 237 2472 ior
243 2443 267 2473 eis.
448 2450 464 2479 25
474 2440 544 2471 demittite
553 2442 566 2471 V
572 2443 594 2472 sor
601 2442 673 2473 dimittite.
702 2444 751 2474 demit-

97 2494 113 2522 rt
123 2493 199 2532 querebant
210 2491 235 2520 her
244 2496 269 2529 gat
278 2491 300 2521 ior
309 2491 400 2530 quaerebant.
428 2493 448 2519 tet
455 2490 477 2518 for
483 2489 551 2520 dimittat.

112 2541 190 2571 doctrinam
199 2550 225 2579 ²¹12
234 2540 259 2569 lrer
268 2544 293 2579 gat
303 2539 329 2570 dur
339 2539 401 2578 DSng
449 2536 465 2567 26
478 2537 536 2576 —Quod
543 2538 554 2568 si
561 2548 586 2568 vos
594 2549 622 2569 non
627 2539 717 2570 dimiseritis:
727 2551 753 2571 nec

79 2589 152 2627 QRcodrl
160 2590 181 2619 sor
188 2588 270 2619 doctrinam.
430 2587 471 2616 Pater
482 2592 531 2624 vester,
541 2587 565 2626 qui
576 2588 591 2617 irr
602 2588 645 2617 caelis
655 2591 681 2627 est,
691 2588 753 2620 dimittet

99 2646 115 2676 19
125 2638 144 2666 Et
150 2637 177 2666 and
184 2641 198 2667 te
205 2646 228 2667 are
235 2636 258 2667 the
266 2637 296 2666 lirst
302 2636 330 2666 anri
337 2636 365 2666 lust
373 2635 401 2674 syl·
430 2634 471 2665 vobis
477 2640 534 2673 pererra
540 2639 587 2665 vestra
593 2636 614 2665 tl
618 2645 636 2674 η.

78 2685 123 2715 lahlrr
130 2685 146 2714 ol
151 2695 189 2715 verse
197 2694 219 2723 19.
250 2693 298 2713 —onm
302 2693 360 2722 vespera
365 2683 402 2712 facta
451 2690 467 2722 27
477 2682 574 2712 hirusulimam
581 2683 603 2713 ior
610 2683 716 2723 lerosolymam.
