1598 2809
289 111 341 147 THE
353 110 443 148 CELTIC
455 109 559 147 GOSPELS
608 107 676 159 [Marc.
686 118 711 148 111.
719 123 762 147 10—-

197 192 245 231 curis
254 193 350 231 adradices
358 193 446 230 arborum
455 191 526 241 possita
534 196 563 231 est

197 256 258 295 omnis
267 258 323 295 arbor
332 269 380 306 quae
388 255 471 294 noniacit
479 255 560 293 fructum

197 320 269 367 bonurn
278 321 375 360 excidetur
384 326 403 358 ct
412 319 494 370 inignem
506 319 591 358 mittetur

197 383 212 406 Π
220 397 255 435 ego
264 385 340 436 quidem
348 384 425 435 baptizo
433 384 502 434 inaqua
511 384 607 435 inpeniten

196 450 223 488 tia
233 450 264 500 qui
273 456 337 488 autem
346 454 389 499 post
398 461 428 486 me
437 453 526 486 uenturus
535 454 563 486 est
573 448 602 487 ior

197 514 234 552 tior
243 526 273 552 me
282 520 311 553 est
320 515 372 553 cuius
381 525 460 551 nonsum
470 513 537 562 dignus
546 512 593 550 calci

168 592 171 597 ¹
198 583 274 616 amenta
283 583 358 628 portare
367 577 407 627 ipse
415 589 449 615 uos
458 576 561 627 baptizauit

200 641 255 693 inspu
265 655 297 681 sco
306 648 325 681 et
333 641 372 692 igni
381 639 452 680 ¹²cuius
461 640 604 679 uentilabrumin

199 717 256 744 manu
265 718 299 744 sua
308 710 326 744 et
335 704 433 744 mundabit
442 718 504 743 aream
513 717 567 743 suam

199 774 219 807 et
227 769 349 820 congregabit
358 770 440 808 triticum
449 781 503 808 suum
513 769 606 807 inorreum

198 832 262 884 paleas
272 839 336 872 autern
344 833 435 872 conburet
446 832 484 884 igni
493 833 598 884 inextingui

199 898 232 936 bili
267 896 283 919 1³
289 898 343 935 Tunc
352 898 405 935 uenit
414 897 443 935 ihi
451 897 530 947 agalilea
539 898 611 936 iniorda

200 974 243 1000 nem
252 960 377 999 adinhannem
386 967 407 999 ut
416 961 543 1011 baptizaretur
551 961 599 1001 abeo

196 1023 302 1064 14iohannis
311 1031 376 1064 autem
384 1025 502 1074 prohebebat
511 1038 554 1063 eum
564 1026 628 1064 dicens

200 1102 236 1139 ego
245 1095 276 1127 ate
285 1088 344 1126 debeo
353 1088 446 1138 baptizari
455 1093 474 1126 et
482 1094 504 1126 tu
513 1089 567 1126 uenis

200 1152 257 1192 adme
265 1151 279 1176 ¹⁵
285 1153 401 1202 respondens
447 1151 476 1190 ihr
485 1153 534 1190 dixit
544 1153 560 1190 ei
570 1153 608 1191 sine

201 1217 258 1255 modo
267 1217 293 1254 sic
302 1218 352 1255 enirn
361 1217 411 1256 dicet
420 1228 454 1254 nos
463 1215 534 1267 inplere
543 1229 574 1255 orn

201 1294 244 1320 nem
256 1281 345 1320 iustitiam
351 1279 370 1304 '¹⁶
377 1281 484 1331 baptizatus
493 1286 556 1321 autern
565 1282 594 1320 ihi
718 1287 729 1303 “²

203 1345 301 1385 confestim
311 1346 393 1384 ascendit
402 1346 477 1394 deaque
485 1351 505 1383 et
513 1359 556 1385 ecce
565 1359 609 1396 aper

201 1410 260 1448 bisunt
269 1410 286 1448 ei
294 1410 341 1448 caeli
350 1416 369 1447 et
378 1410 425 1448 uidit
434 1414 476 1459 spru
485 1411 505 1447 di
514 1410 615 1449 discenden

203 1479 241 1512 tem
252 1473 328 1512 decaelo
337 1474 385 1512 sicut
395 1472 504 1512 columbam
513 1475 617 1526 uenientem

202 1549 268 1585 susper
277 1550 297 1574 se
306 1534 322 1560 1⁷
328 1549 369 1574 ecce
378 1550 417 1574 nox
426 1535 507 1574 decaelis
516 1537 580 1576 dicens
588 1538 618 1576 hic
628 1543 656 1577 est

201 1600 249 1638 filius
259 1614 311 1639 meus
320 1601 398 1639 dilectus
408 1601 465 1649 inquo
474 1600 520 1638 mihi
529 1600 597 1651 conpla

92 1664 121 1703 IV
203 1665 233 1704 cui
242 1664 296 1704 Tunc
304 1664 333 1703 ihr
342 1666 409 1704 ductus
417 1672 446 1704 est
455 1665 567 1703 indesertum
576 1666 600 1704 ab

203 1734 237 1779 spu
246 1735 268 1767 ut
276 1735 387 1768 temtaretur
396 1729 485 1767 adiabulo
493 1729 604 1769 2etcumieiu

112 1836 129 1857 ro
138 1828 193 1859 radices
205 1828 255 1867 adds
256 1839 265 1868 q
276 1829 310 1867 Aug
318 1829 343 1859 her
352 1828 382 1859 lam
391 1833 416 1868 gat
445 1828 480 1858 beer
487 1839 505 1858 an
510 1838 564 1859 erasure
569 1829 607 1860 here.
636 1829 673 1860 dicet
678 1830 750 1860 corrected
755 1834 770 1861 to

92 1876 164 1906 DRTW
171 1877 193 1906 ior
201 1876 267 1907 radicem.
297 1877 350 1916 possita
359 1877 383 1907 her
392 1880 417 1916 gat
445 1877 489 1906 decet,

92 1923 107 1952 D
112 1924 143 1963 EQ
149 1925 162 1954 R
168 1926 191 1955 ior
197 1925 248 1964 posita.
280 1935 330 1962 -ergo
337 1926 355 1955 R.
464 1925 492 1962 qis
499 1925 561 1963 missing
560 1924 602 1963 from
608 1924 629 1954 iii.
637 1933 653 1963 15
662 1928 675 1954 tn
682 1926 700 1955 iv.
708 1933 731 1963 23.

113 1972 158 2001 There
165 1972 178 2002 is
186 1981 196 2002 a
203 1972 245 2002 break
253 1971 270 2001 iu
281 1972 290 2001 le
294 1971 338 2010 from
345 1972 365 2002 iii.
377 1980 394 2001 ιο
404 1976 417 2001 to
464 1972 518 2011 inplere
523 1972 538 2010 s
543 1972 572 2002 lam
581 1976 606 2010 gat
615 1972 665 2009 DQC
675 1973 697 2002 ior
706 1972 769 2012 implere.

91 2018 110 2048 iv,
119 2028 132 2049 2.
476 2023 526 2049 —tunc
532 2018 587 2049 dimisit
593 2029 630 2049 eum.

112 2075 128 2096 11
141 2077 185 2097 —uos
191 2067 212 2097 ab
218 2067 269 2106 “iser
276 2067 324 2096 DER
330 2067 385 2097 TYH.
466 2066 483 2096 16
492 2068 597 2098 discendentem
610 2067 623 2106 (i
633 2068 655 2098 ior
665 2069 678 2108 e)
688 2078 703 2098 m
712 2073 736 2109 gat
746 2070 771 2101 ber

92 2114 309 2156 penitentieimpoenitentiam.
339 2116 418 2154 haptizauit
446 2116 475 2146 lam
488 2116 539 2155 DQR
552 2117 574 2147 ior
588 2117 699 2148 descendentem.
738 2119 771 2149 ÷de

93 2166 132 2204 bglq
137 2173 151 2194 nr
158 2165 172 2194 A
178 2164 189 2193 F
194 2164 209 2194 H
215 2164 229 2193 X
236 2164 258 2192 ior
265 2163 347 2203 baptizabit.
447 2164 486 2193 caelo
492 2173 502 2193 a
509 2164 540 2193 Iren
548 2163 575 2193 Hil
580 2164 605 2193 her
610 2164 639 2193 lam
645 2168 670 2203 gat
677 2166 691 2195 D
697 2166 730 2204 EQ.
743 2176 750 2195 e
756 2166 772 2196 in

113 2223 130 2243 12
139 2212 214 2243 mundabit
221 2221 236 2241 nr
243 2211 265 2241 ior
271 2212 374 2251 permundabit.
418 2243 420 2245 ,
446 2212 496 2242 decelo
502 2212 528 2241 has
535 2212 559 2242 the
566 2212 605 2242 hooh
612 2213 678 2244 attached
685 2217 700 2244 to
707 2214 718 2244 it
724 2215 772 2245 which

94 2262 266 2293 orreuleorhorreum.
274 2281 276 2286 ·
290 2261 418 2300 conburetdglan
446 2260 495 2290 makes
501 2262 512 2288 it
518 2270 539 2290 ac.

94 2310 119 2339 her
124 2314 148 2348 gat
152 2308 182 2338 lam
190 2308 235 2347 EQC
241 2307 254 2336 T
259 2307 293 2337 Bm
298 2308 309 2337 Ζ
315 2309 337 2337 ior
342 2309 417 2339 comburet.
467 2314 483 2346 17
495 2313 525 2338 —et
532 2307 608 2347 originally
614 2308 640 2338 but
649 2307 679 2339 ‘dc'
689 2308 701 2339 is
710 2309 772 2340 inserted

114 2364 131 2393 13
141 2355 238 2395 galilenfg1q
244 2355 269 2385 her
276 2356 303 2385 dur
309 2356 335 2385 Hil
342 2362 366 2395 gat
372 2357 418 2386 ERC
447 2357 492 2386 above
496 2356 521 2386 the
525 2356 558 2386 line.
585 2355 660 2395 conplecti
662 2357 682 2396 ff
684 2357 708 2387 her
713 2359 742 2387 iarn
747 2363 772 2398 gat

94 2403 248 2443 TWViorgalilaea.
274 2404 419 2444 iordanemadsliil
448 2404 615 2435 ERCThhhxztor
621 2405 706 2444 complacui.

95 2451 111 2481 hl
116 2452 130 2482 X
136 2462 155 2491 vg
161 2452 184 2482 ior
190 2452 261 2483 iordanen.
465 2454 487 2483 IV
492 2453 550 2483 inclute
554 2453 593 2482 hand
598 2453 696 2484 ismarkedon
700 2455 724 2485 the
728 2455 773 2493 right·

115 2508 132 2538 14
141 2500 206 2530 iohannis
215 2509 224 2530 a
234 2505 258 2538 gat
267 2501 282 2529 D
288 2500 318 2529 ER
326 2501 397 2531 corrected
404 2505 419 2530 to
447 2501 485 2531 hand
492 2501 522 2531 side
529 2501 551 2530 ior
559 2501 582 2531 the
588 2501 648 2531 number
654 2501 670 2531 ol
675 2502 699 2533 the
705 2503 767 2541 chapter.

95 2546 167 2579 iohannes.
196 2548 380 2588 prohebebatcorrecterlto
387 2559 419 2588 pro·
466 2549 488 2579 IV
499 2557 505 2578 1
516 2549 576 2579 diabulo
586 2549 625 2588 bbgl
635 2549 660 2580 her
669 2551 698 2581 iarn
711 2552 738 2581 dur
749 2556 773 2590 gat

95 2595 159 2625 bibebat.
448 2596 637 2635 DQRBYlordiabolo.
658 2590 671 2628 ιτι
681 2599 774 2630 tornando

115 2652 131 2681 15
141 2644 243 2683 adagionem
249 2645 324 2676 thirocrne,
356 2650 420 2675 -autem
448 2646 470 2675 ior
478 2655 489 2674 u
498 2656 522 2676 are
531 2646 610 2683 constantly
618 2646 662 2676 iound
672 2647 687 2676 iu
695 2647 719 2676 the
727 2647 774 2677 Celtic

94 2692 241 2730 palterrespondeus.
262 2694 358 2722 Thereseerns
363 2699 379 2723 to
384 2695 420 2723 haue
448 2702 499 2732 group.
