1598 2809
21 43 103 94 -Mnr
111 66 127 93 v.
137 54 167 105 37]
226 26 378 94 uun'csmrc
390 56 492 94 dossum
664 68 695 103 119

133 136 172 177 ²4et
181 138 227 178 abiit
236 151 278 178 cum
287 143 305 177 et
314 139 426 188 sequebatur
434 151 477 177 eum
486 139 541 178 turba
552 137 611 179 multa

133 210 153 241 et
161 204 303 253 conprimebant
312 203 364 241 illum
373 201 412 240 2⁵et
422 203 543 253 mulierquae
551 209 591 243 erat
661 206 695 240 162

133 267 232 317 inprofluio
240 266 335 317 sanguinis
344 266 396 305 annis
405 266 505 312 duodecim
513 266 528 290 ²⁸
534 267 565 306 fue

134 336 163 368 rat
171 330 231 369 muita
239 343 328 380 perpessa
336 330 468 379 aconpluribus
478 331 555 370 medicis

134 401 153 433 et
162 401 272 446 erogauerat
280 394 343 433 omnin
352 407 385 433 sua
395 394 496 445 quicquam
505 394 574 446 profice
636 391 640 398 '

135 465 163 498 rat
172 460 204 499 sed
214 460 274 509 magis
283 459 365 498 deterius
373 458 456 498 habebut
465 457 479 482 ²⁷
485 473 527 498 cum
537 459 590 498 audis

134 529 163 561 set
171 524 227 562 deihu
236 525 288 561 uenit
298 524 373 563 inturba
382 530 432 563 retro
441 531 459 563 et
468 525 531 575 tetigit
542 524 590 562 uesci

135 593 219 626 mentum
229 587 267 625 eius
276 585 290 609 ²⁸
296 587 370 627 dicebat
379 587 429 626 eninr
437 588 486 626 intra
494 600 513 626 se
522 588 566 639 quia
575 587 590 625 si

136 651 166 689 uel
174 651 308 689 uestimentum
318 651 357 690 eius
365 652 445 700 tetigero
454 651 528 690 saluaro
537 650 551 674 ²⁹
558 658 577 689 et
586 663 621 689 con

136 713 197 752 sestim
206 715 284 752 siccatus
294 720 322 752 est
330 713 457 764 fonsanguinis
466 714 514 753 iilius
523 721 542 753 et
551 727 584 753 sen

136 778 160 817 sit
169 790 245 828 corpore
254 779 304 829 quod
314 785 380 819 sanata
389 785 438 819 esset
446 779 514 830 apiago
523 778 538 802 ³⁰
544 784 563 818 et
572 783 602 818 sta

137 843 171 881 tirn
181 843 209 881 ihs
219 855 333 892 cognoscens
342 845 419 882 insemet
429 845 470 895 ipso
478 844 567 883 uirtutem
576 856 599 893 qz·

136 907 209 945 exierat
218 907 265 946 deeo
274 920 373 946 conuersus
382 908 483 947 adturbarn
492 908 518 947 ait
527 908 568 959 quis

136 972 208 1022 srengir
217 972 328 1011 uestimenta
337 986 379 1012 mea
388 971 402 995 ³¹
408 979 427 1013 et
436 973 524 1012 dicebant
533 973 550 1012 ei
559 972 631 1023 discipu

136 1035 149 1073 ii
158 1035 206 1073 iilius
215 1035 268 1074 uides
277 1036 352 1074 turbam
361 1042 545 1086 conpraementemte
553 1042 573 1075 et
581 1037 601 1075 di

138 1099 164 1137 cis
173 1100 214 1149 quis
224 1112 254 1137 me
262 1099 325 1148 tetigit
334 1098 350 1121 ³²
355 1106 374 1138 et
383 1101 453 1139 circum
462 1101 554 1150 spiciebat
564 1100 627 1138 uidere

138 1175 180 1200 earn
189 1175 237 1213 quae
246 1162 281 1200 hoc
291 1161 359 1200 fecerat
368 1161 383 1185 ³³
389 1164 455 1200 mulier
464 1168 527 1201 autem
536 1163 604 1201 timens
613 1168 632 1201 et

137 1225 226 1264 tremiens
234 1226 294 1264 sciens
303 1227 354 1276 quod
363 1226 433 1265 factum
443 1233 492 1266 esset
501 1227 540 1266 inse
549 1227 620 1267 uenitet

138 1290 223 1339 procedit
232 1295 275 1327 ante
284 1302 327 1327 eum
337 1295 355 1327 et
364 1290 414 1327 dixit
423 1291 439 1329 ei
450 1303 525 1329 ornnem
535 1291 633 1330 ueritatem
642 1288 658 1313 ³4
664 1289 677 1329 il

138 1354 155 1391 le
164 1360 227 1392 autem
237 1353 286 1392 dixit
295 1354 312 1391 ei
321 1353 359 1392 filia
368 1353 447 1393 fidestua
458 1361 477 1393 te
486 1355 571 1393 saturam
580 1354 624 1394 iecit

139 1418 187 1455 uade
197 1416 263 1467 inpaee
272 1422 290 1455 et
300 1421 340 1454 esto
350 1429 395 1455 sana
405 1417 473 1468 apiaga
481 1423 515 1457 tua
524 1412 605 1457 tauhun

139 1493 161 1518 eo
170 1481 257 1531 loquente
266 1480 343 1519 ueniunt
352 1480 428 1519 abar-chi
437 1482 528 1533 sinagogo
537 1483 591 1520 dicen
667 1485 701 1519 163

139 1549 167 1582 tes
176 1545 220 1595 quia
229 1543 266 1583 filia
275 1550 308 1583 tua
317 1550 390 1583 mortua
400 1552 428 1584 est
437 1546 482 1596 quid
493 1546 540 1584 ultra
550 1558 588 1584 uex

139 1621 159 1647 as
169 1609 279 1659 magistrum
289 1607 338 1646 ³⁶ihs
347 1615 411 1647 autern
421 1610 478 1648 uerbo
488 1608 621 1660 quoddicebat'

140 1674 205 1712 audito
214 1673 240 1711 ait
248 1671 299 1710 archi
308 1672 399 1723 sinagoge
409 1673 513 1712 nolitimere
523 1680 597 1713 tantum

140 1737 196 1776 modo
205 1737 260 1789 crede
269 1735 283 1759 ³7
289 1741 307 1774 et
316 1749 354 1774 non
364 1737 449 1777 adinissit
458 1751 514 1788 quern
523 1750 580 1789 quarn
590 1738 642 1789 sequi

29 1804 44 1828 nt
54 1801 93 1829 salua
103 1801 121 1829 sit
131 1804 145 1828 et
155 1800 204 1829 uiuat:
210 1799 229 1837 ff
234 1803 250 1827 ut
260 1799 300 1827 saibn
311 1799 329 1827 sit
338 1803 353 1828 et
381 1804 406 1836 gat
412 1810 422 1835 μ
429 1800 454 1829 VO
460 1801 482 1829 ior
488 1801 502 1829 in
510 1805 554 1830 semet
560 1802 592 1838 ipso
599 1810 689 1838 cognoscens.

30 1848 76 1879 uibet:
87 1858 94 1879 ι
100 1847 146 1879 filioia
151 1847 184 1878 mea
190 1846 265 1876 nouissime
271 1846 314 1875 hahet
320 1846 353 1875 neni
381 1856 404 1886 q:-
414 1857 424 1877 r
435 1852 459 1886 got
466 1848 487 1877 ior
492 1857 533 1887 quae.
565 1847 627 1888 deeoflr
634 1848 659 1878 ber
665 1847 705 1878 SVO

30 1900 44 1926 et
50 1901 92 1935 tange
98 1907 130 1926 eam
137 1899 153 1925 ut
159 1894 210 1934 uiuet.)
380 1895 403 1926 for
409 1896 427 1927 de
433 1896 464 1927 illo.
489 1897 510 1927 ait
516 1897 527 1928 d
524 1896 539 1937 f
536 1897 563 1937 ffq
569 1897 594 1928 her
600 1898 622 1928 ior
628 1897 679 1928 aiebat.

49 1954 71 1984 24.
84 1944 126 1975 —iiio
135 1943 171 1974 after
180 1954 217 1975 cum.
246 1942 353 1983 conprimebant
381 1945 413 1985 quis
419 1951 429 1975 ά
435 1945 488 1984 stetigit
495 1946 517 1976 ior
523 1946 555 1985 quis
560 1945 613 1984 tetigit.

31 1996 142 2035 abdefflpqr
154 1994 179 2024 ber
192 1998 217 2033 gut
230 1994 263 2023 deer
275 1993 306 2022 dim
316 1993 353 2021 Dn’
401 2001 417 2030 31
428 1994 466 2023 iilius
475 1993 496 2022 di
504 1994 545 2032 {ng
555 1993 674 2032 QRCTKVZ
683 1994 706 2024 for
727 2006 730 2012 ¹

30 2044 67 2074 codd
75 2042 222 2082 iurcornprimebant.
250 2040 354 2080 iilumbdtfq
381 2041 407 2070 sui
436 2041 514 2081 qisnow
523 2041 677 2079 missiqgtillvi.13.

30 2091 74 2130 ΗΟ
82 2092 103 2122 ior
112 2100 149 2121 eum,
382 2091 502 2127 conpraementem
509 2090 522 2118 E
528 2089 550 2118 ior
556 2089 676 2128 comprimentem.

50 2146 67 2178 ²5
74 2139 134 2179 proflnio
141 2138 166 2168 bet
172 2139 186 2168 D
191 2138 208 2167 ΞΡ
213 2138 226 2166 Τ
231 2138 245 2167 Y
252 2138 273 2167 ior
278 2136 353 2177 profluvio.
402 2144 419 2174 33
429 2140 476 2165 nutem
483 2135 528 2175 aflii
531 2146 540 2166 r
545 2136 570 2166 her
577 2135 602 2165 VO
610 2136 635 2165 ior
640 2145 678 2166 vero.

51 2188 67 2218 26
80 2188 128 2219 —etlu
158 2184 354 2227 eonpluribuslziqrfluher
382 2184 553 2215 tremiensfortremeus.
573 2184 640 2223 Seepq.
673 2194 706 2224 pro·

31 2235 289 2274 dimEffzcoddtorcomplunhus.
313 2243 354 2264 —nee
382 2231 707 2271 cedituherdurdimDiPQRforprocidit.

16 2282 18 2286 ⁴
31 2285 66 2315 aiter
73 2295 102 2315 sua.
131 2284 206 2324 quicquum
213 2283 244 2312 bdi
248 2293 262 2321 νΖ
268 2287 293 2322 gat
301 2281 326 2311 VO
333 2282 354 2311 ior
402 2289 420 2319 34
429 2280 493 2311 salunam
500 2280 522 2311 ior
529 2280 587 2310 salvam.

32 2333 113 2372 quidquam.
142 2331 284 2371 proficerarqphex
291 2330 355 2368 deergat
401 2336 418 2366 35
428 2329 486 2358 abarehi
498 2330 567 2367 sinagogo
579 2328 604 2358 her
618 2333 643 2367 gut
655 2329 677 2357 ior
689 2330 708 2358 ab

32 2380 259 2420 DEffRcoddiorproiecerat.
383 2376 500 2416 archisynagogo.
519 2420 521 2424 ι

51 2431 68 2460 28
82 2430 133 2461 sinna
145 2438 160 2459 se
173 2428 247 2468 adffiqr
260 2428 286 2458 dur
299 2428 313 2465 Q
325 2427 355 2458 her.
404 2423 421 2462 36
431 2425 474 2454 uerbo
481 2422 709 2466 qnoddicebut'auditolrlugat

59 2478 116 2507 saluaro
123 2478 136 2516 (e
143 2477 215 2514 salbabor)
222 2477 243 2506 ior
250 2476 289 2505 saiva
296 2485 324 2505 ero.
383 2473 408 2502 her
414 2471 439 2501 VO
445 2471 519 2502 ioraudito
524 2472 567 2501 verbo
571 2472 609 2510 quod
613 2472 692 2504 dicebatur.

51 2535 69 2565 ²9
78 2525 174 2564 ionsanguinis
180 2525 202 2555 ior
208 2524 239 2554 sons
245 2524 321 2563 sanguinis.
384 2520 423 2551 urchi
429 2521 498 2558 sinagoge
504 2519 529 2549 her
535 2519 558 2549 for
563 2519 681 2560 archisynagogo,

31 2572 139 2604 iliiusioreius.
158 2572 269 2612 quodforquia.
365 2600 366 2603 ,
403 2568 636 2607 372dmissitDb¹³hergatsor
647 2570 709 2600 admisit.

52 2629 69 2658 30
79 2620 265 2660 cognoscensinsemetipso
271 2619 323 2658 fblr²
331 2619 356 2649 her
412 2617 451 2655 sequi
465 2626 480 2646 se
495 2616 576 2655 abpffiqr
588 2622 612 2655 gat
624 2617 650 2647 VO
661 2618 683 2648 sor
695 2628 711 2648 se
