1598 2809
14 68 126 104 -Lurrxu
136 60 154 113 5]
213 65 265 100 THE
277 64 365 102 CELTIC
377 65 481 104 GOSPELS
655 81 688 115 213

109 145 135 184 ad
143 145 184 184 iilos
193 146 276 196 profetas
285 154 303 185 et
312 147 410 197 apostulos
419 155 438 186 et
446 149 506 187 exiliis
515 163 538 188 oc

110 210 174 248 cident
183 215 202 248 et
211 216 347 260 persequentur
356 209 371 233 ⁵⁰
378 211 501 261 utinquiratur

110 274 185 324 sanguis
194 275 277 313 omniurn
286 275 401 325 profetarum
410 275 441 325 qui
450 275 497 315 effus

111 349 142 376 sus
151 343 179 376 est
188 339 332 377 aconstitutione
341 339 406 376 mundi
415 341 521 386 ageneratio

112 413 135 438 ne
144 402 180 440 ista
188 399 203 423 ⁵¹
213 402 315 452 asanguine
324 400 366 440 abel
375 414 434 453 usque
443 402 534 454 adsangui

111 479 155 504 nem
164 466 259 504 zachariae
270 466 303 516 qui
312 467 360 516 perit
368 466 415 503 inter
424 466 482 504 altare

112 535 131 569 et
140 530 207 569 aedem
216 530 241 567 ita
250 529 292 568 dico
301 529 356 568 uobis
366 529 467 579 requiretur
476 530 535 569 abhac

112 595 232 645 generatione
241 592 256 616 ⁵²
264 594 305 634 Uae
314 595 369 632 uobis
378 594 425 644 legis
434 593 497 644 peritis
505 595 549 645 quia

112 659 182 696 tulistis
191 658 263 695 ciauem
273 658 374 707 sapientiae
384 659 418 708 ipsi
428 671 465 695 non
474 664 511 696 itro

112 720 152 759 istis
161 727 180 759 et
189 733 220 758 eos
229 721 364 770 quiintroibant
373 721 494 770 prohibuistis
500 733 529 758 :—

112 784 128 807 ⁵³
135 784 184 823 Cum
193 785 239 822 haec
248 785 272 823 ad
282 785 323 823 iilos
332 786 401 823 diceret
410 792 498 834 ceperunt
507 786 570 835 pharis

113 849 138 887 sei
148 855 166 887 et
176 848 221 897 legis
230 848 283 898 periti
294 849 374 898 graviter
384 849 468 887 insistere
477 855 496 887 et
506 862 527 887 os

113 913 152 952 eius
161 913 268 963 opprimere
276 912 363 951 demultis
372 912 388 936 ⁵4
394 913 501 951 insidiantes
510 913 527 952 ei
536 923 555 952 et

114 982 213 1025 querentes
222 988 289 1026 capere
298 976 367 1025 aliquid
377 988 434 1014 exore
444 978 483 1014 eius
489 990 519 1014 :-

116 1038 123 1061 1
131 1040 197 1078 Multis
206 1045 268 1078 autem
277 1040 335 1078 turbis
344 1040 413 1078 circum
422 1040 514 1078 stantibus

114 1103 140 1142 ita
149 1109 191 1142 utse
200 1104 280 1142 inuicem
290 1103 420 1142 conculcarent
429 1104 492 1154 coepit

115 1168 177 1206 dicere
186 1168 298 1218 adiscipulos
306 1180 349 1206 suos
359 1168 483 1206 Adtenditea
493 1167 520 1205 fer
544 1159 562 1210 †

115 1237 179 1269 mento
188 1231 306 1269 farisseorum
315 1232 366 1279 quod
376 1237 403 1269 est
412 1230 497 1280 hipochri

115 1295 140 1332 sis
149 1292 214 1332 ²Nihtl
224 1300 288 1332 autem
297 1300 383 1344 opertum
394 1301 411 1335 ÷
422 1293 474 1343 quod
483 1306 520 1332 non

115 1357 207 1397 reueletur
216 1370 277 1408 neque
285 1357 415 1396 absconditum
425 1358 476 1408 quod
485 1357 550 1395 nsciat’

116 1422 217 1472 ³quoniam
227 1435 275 1472 quae
284 1422 385 1460 intenebris
394 1422 471 1460 audistis
480 1422 569 1460 inlumine

116 1487 200 1524 dicentur
209 1493 227 1523 et
236 1486 287 1535 quod
296 1491 347 1523 iaure
356 1485 435 1523 audistis
444 1491 463 1523 et
472 1485 530 1523 locuti

116 1549 160 1588 estis
169 1548 280 1587 incubiiibus
290 1547 428 1598 praedicabitur
437 1548 524 1586 intechtis

117 1619 135 1653 et
145 1613 231 1664 inplateis
239 1612 247 1634 ⁴
254 1614 297 1652 dico
306 1619 369 1651 autem
378 1613 432 1650 uobis
441 1613 506 1651 amicis
515 1613 561 1651 meis

117 1691 140 1717 ne
148 1677 257 1716 terreamini
267 1677 320 1715 abhis
329 1677 361 1726 qui
370 1676 458 1715 occidunt
467 1688 533 1727 corpus

115 1749 134 1780 et
144 1748 176 1791 pot
185 1741 231 1779 haec
240 1754 278 1778 non
288 1740 358 1778 hahent
367 1740 448 1791 amphus
457 1741 507 1789 quod
516 1740 534 1778 fa

117 1805 168 1842 ciant
176 1803 183 1826 ⁵
191 1803 295 1842 Ostendam
304 1803 359 1841 uobis
368 1816 425 1852 quem
433 1803 516 1841 timeatis

118 1870 182 1908 timete
191 1882 234 1907 eum
244 1869 276 1918 qui
285 1874 328 1918 post
337 1880 394 1918 quam
403 1867 493 1906 occiderit
501 1867 526 1905 ha

118 1934 151 1972 bet
160 1938 274 1983 potestatem
283 1934 358 1970 mittere
367 1932 488 1981 ingechenam
497 1932 523 1970 ita

38 2025 56 2056 49
65 2017 126 2057 profetas
139 2017 199 2056 deqrp
206 2016 235 2046 dim
242 2017 256 2046 D
264 2016 280 2046 ΞΡ
287 2016 300 2046 0
306 2016 319 2045 R
324 2015 343 2045 W
372 2019 407 2046 -ut
414 2019 494 2046 accusarent
500 2025 537 2045 eum.

21 2063 128 2104 iorProphetas.
156 2064 343 2103 apostulosiorrtpostolos.
391 2065 422 2093 XII
433 2072 438 2092 1
450 2064 515 2093 aiorad.
541 2062 696 2101 Adtenditea'eflqgat

40 2120 57 2149 50
66 2114 152 2151 profetarum
160 2113 220 2151 deqru
230 2112 260 2142 dim
270 2111 344 2142 ΜΘΗ
372 2111 462 2148 dimpcodd
468 2111 491 2141 ior
498 2110 574 2141 Attendite.
607 2110 696 2140 iarisseorum

24 2157 156 2200 iorProphetarum.
185 2159 343 2192 effusbsusioreffusus.
373 2160 387 2188 D
400 2159 422 2188 for
434 2159 546 2188 Pharisaeorum.
584 2157 667 2196 hipochrisis
682 2157 696 2197 (e

40 2216 56 2245 51
66 2209 102 2248 perit
108 2209 139 2239 tir
143 2221 153 2246 μ
160 2209 189 2238 dim
196 2208 218 2238 sor
224 2208 270 2248 periit.
373 2206 417 2245 fictio)
425 2207 447 2236 ior
454 2205 535 2245 hypocrisis.

40 2264 56 2294 52
67 2258 143 2296 sapientiae
154 2258 176 2287 for
185 2257 256 2287 scientiae
286 2256 344 2285 itroistis
392 2264 399 2283 2
409 2254 458 2284 nsciat
465 2255 487 2283 sor
493 2264 521 2283 non
528 2254 584 2298 sciatur.

22 2301 43 2332 ior
49 2304 120 2337 introistis.
392 2312 399 2340 3
410 2302 468 2332 audistis
474 2313 484 2339 μ
489 2302 503 2331 D
509 2302 540 2341 QR
547 2301 632 2332 tordiristis.
657 2304 697 2332 iaure

40 2361 57 2391 53
70 2353 277 2393 -autemastercumbfligat¹
305 2362 345 2391 cepe·
373 2351 493 2390 bcez'lqrcodd
502 2351 523 2380 for
531 2351 546 2380 in
556 2360 608 2380 aurem.
642 2351 697 2382 ÷audi=

23 2402 168 2442 ruutiorcoeperunt.
192 2401 345 2441 pharisseigatRsor
373 2401 421 2428 stiset.
449 2398 696 2437 cubitibusZ(rceliariis)iorcubi-

23 2446 97 2479 Pharisaei.
374 2446 414 2475 culis.
439 2445 563 2474 techtisfortectis¹
593 2446 697 2485 ÷etinpiateis

41 2506 55 2535 r2
62 2498 74 2528 ir
80 2499 142 2539 missing
147 2497 172 2529 till
176 2498 200 2528 rii.
208 2507 230 2537 45.
392 2504 401 2534 4
410 2498 436 2534 pot
446 2495 467 2524 ior
473 2499 510 2533 post.
543 2493 581 2534 quod
590 2493 626 2534 abf
632 2495 666 2535 Aug
674 2495 698 2533 μΙι

42 2555 59 2583 54
68 2548 149 2578 insidientes
161 2548 174 2577 R
185 2548 206 2577 ior
218 2546 306 2577 Iusidiautes.
373 2548 397 2582 gat
404 2542 429 2572 VO
436 2542 457 2572 ior
463 2543 501 2582 quid.

24 2600 94 2630 querentes
100 2596 144 2633 pdim
149 2596 182 2625 RH
188 2596 209 2624 ior
214 2599 298 2634 quaerentes,
393 2599 401 2629 5
411 2596 472 2620 -autem
478 2590 594 2620 afterostendam
598 2591 628 2622 dur.
648 2593 698 2631 gerhe-

25 2651 73 2682 Capere
79 2646 133 2685 aliquid
135 2646 150 2685 f
151 2645 176 2682 pla
183 2645 208 2674 VO
214 2645 236 2674 ior
246 2655 258 2673 a.
263 2654 275 2674 c.
374 2651 407 2671 uam
413 2642 435 2671 for
441 2641 524 2680 gehennam.
