1598 2809
254 121 307 156 THE
320 121 408 158 CELTIC
419 121 523 157 GOSPELS
557 120 625 170 [Mara
633 128 671 158 vrrs.
681 132 724 168 31--

163 213 198 241 nos
207 200 303 253 ingregem
312 215 409 253 porcorum
418 201 434 224 ³²
440 209 459 242 et
468 203 494 241 ait
502 202 538 241 illis
549 203 575 243 ite

164 265 188 305 ad
197 265 224 304 illi
232 272 324 305 exeuntes
333 267 417 306 abierunt
426 266 512 317 inporcos
520 272 539 305 et

163 343 207 369 ecce
215 330 286 381 impetu
296 331 335 370 abit
344 337 395 369 totus
404 343 451 380 grex
460 343 583 381 perpraeceps

164 394 235 433 inmare
244 400 263 433 et
273 394 384 434 mortuisuut
393 394 465 444 inaquis
474 392 489 416 ³³
495 400 549 444 pasto

165 471 194 496 res
203 465 267 498 autem
277 459 363 510 fugerunt
372 464 391 497 et
403 458 497 497 uenientes
506 459 581 497 inciuits

164 528 202 561 tem
213 523 321 562 nuntiarunt
330 523 393 562 omnia
402 529 421 561 et
429 523 482 561 dehis
491 523 548 573 quide

164 587 228 624 monia
236 586 342 624 habuerunt
351 587 367 608 ³⁴
372 593 391 624 et
401 599 443 624 ecce
451 591 492 624 tota
502 586 568 624 ciuitas

165 649 206 688 exit
214 648 290 688 obuiam
299 649 331 687 ihsr
341 654 359 687 et
368 649 408 687 uiso
417 663 440 687 eo
450 655 529 701 rogaunt
538 655 559 689 ut

165 714 252 753 transiret
261 714 341 753 afinibus
349 726 413 752 eorum
443 712 508 766 stanit
516 719 535 753 et
544 727 567 753 ue

164 776 171 800 ¹
179 769 205 816 Et
213 778 315 816 ascendens
323 778 448 817 innauiculam
457 785 507 816 trans
516 779 543 817 fre

165 844 192 880 nit
202 840 318 880 intinitatem
327 854 380 880 suam
389 839 421 880 let
430 854 473 880 ecce
481 842 585 881 offerebant

165 906 182 943 ei
191 904 307 956 paraliticum
316 906 407 943 iacentem
416 906 484 943 inlecto
493 912 512 944 et
521 906 587 943 uidens

164 967 193 1006 ihs
202 967 258 1006 fidem
267 966 340 1005 illorum
349 967 398 1006 dixit
409 968 506 1017 paralitico
515 981 550 1006 con

165 1030 202 1071 fide
210 1030 237 1069 fili
245 1031 366 1070 remittuntur
374 1031 408 1069 tibi
417 1037 494 1081 peccata
503 1038 536 1070 tua

165 1094 198 1134 3et
207 1107 249 1133 ecce
258 1094 336 1144 quidam
345 1095 433 1133 describis
443 1095 531 1133 dixerunt
540 1096 589 1134 intra

165 1172 185 1198 se
194 1159 223 1198 hic
233 1158 332 1198 blasfemat
340 1157 372 1198 let
380 1172 423 1199 cum
432 1160 508 1199 uidisset
517 1161 546 1198 ihs

164 1224 287 1274 cogitationes
296 1236 360 1262 eorum
369 1224 420 1262 dixit
428 1224 542 1273 quidcogitis
551 1237 582 1262 ma

166 1287 184 1326 la
192 1287 299 1325 incordibus
308 1287 374 1325 uestris
383 1286 440 1337 ⁵quid
449 1287 498 1326 enim
509 1293 537 1325 est
546 1287 565 1326 fa

166 1352 219 1390 cilius
229 1351 289 1390 dicere
298 1351 421 1389 demittuntur
429 1351 465 1390 tihi
474 1356 552 1401 peccata
560 1363 584 1390 an

166 1416 227 1453 dicere
235 1426 290 1462 surge
299 1420 318 1451 et
327 1415 403 1451 ambula
412 1414 446 1451 lut
454 1415 515 1451 sciatis
524 1420 588 1451 autern

166 1478 211 1526 quia
220 1476 268 1513 filius
277 1474 358 1513 hominis
367 1474 424 1513 habet
433 1482 546 1527 potestatem

163 1541 232 1580 interra
240 1540 353 1579 demittendi
362 1547 439 1590 peccata
447 1547 491 1578 tunc
501 1541 527 1578 ait
536 1554 561 1590 pa

166 1604 238 1644 ralitico
247 1617 303 1654 surge
311 1610 330 1643 et
338 1604 383 1642 tolle
392 1603 460 1643 lectum
469 1611 523 1643 tuum
532 1609 551 1642 et
560 1617 584 1641 ua

164 1670 188 1707 de
197 1669 293 1707 indomum
303 1672 355 1707 tuam
365 1667 398 1706 ⁷et
406 1668 488 1707 surrexit
496 1668 559 1707 aucuit

167 1734 263 1771 indomum
272 1744 325 1769 suam
335 1731 432 1770 Buidentes
441 1738 505 1770 autern
514 1732 579 1769 turbae

167 1796 267 1833 timuerunt
276 1799 295 1832 et
304 1793 455 1843 glorificauerunt
464 1796 496 1832 dm
505 1793 562 1844 quide

167 1859 194 1897 dit
203 1864 316 1910 potestatem
325 1858 383 1896 talem
392 1858 500 1897 hominibus
509 1857 542 1895 ⁹et
551 1870 593 1896 cum
625 1851 627 1855 ⁸

166 1922 254 1961 transiret
263 1921 306 1959 inde
315 1920 343 1959 ihs
352 1921 400 1961 uidit
409 1921 504 1961 homiuem
514 1922 571 1960 sedeo

168 1993 207 2025 tem
218 1986 306 2024 intiloneo
316 1986 411 2025 matheum
419 1987 495 2025 nomine
504 1993 522 2025 et
531 1987 558 2025 ait
567 1985 593 2024 illi

76 2063 92 2093 32
102 2055 125 2094 ad,
135 2055 207 2085 corected
217 2057 233 2083 to
242 2057 261 2083 at,
291 2053 320 2083 abit
331 2062 340 2082 a
350 2053 379 2091 Qs
408 2055 454 2083 rected
460 2059 475 2083 to
482 2054 551 2093 cogitatis.

56 2104 126 2134 corrected
132 2108 148 2134 to
155 2103 194 2133 abiit.
428 2111 435 2140 5
446 2102 480 2142 quid
485 2102 536 2133 ÷enim
544 2101 625 2141 12thth
632 2104 680 2139 petroc
688 2102 708 2133 D.

78 2161 94 2190 33
104 2151 246 2191 nuntiarunt(petroo
250 2148 354 2187 nontiaverunt)
359 2149 380 2179 sor
409 2151 501 2180 demittuntur
507 2151 521 2179 V
527 2150 550 2179 ior
556 2150 651 2179 dimittuntur.
680 2159 698 2178 an
705 2150 733 2178 BF

56 2202 159 2230 nuntiauerant.
189 2195 380 2235 demoniaglherpetrocff
409 2198 491 2236 vgioruut,

57 2249 112 2279 DRW
122 2249 144 2278 ror
154 2245 234 2278 daemonia.
263 2245 342 2275 habuerunt
350 2243 367 2283 ff]
371 2254 381 2280 μ
429 2245 437 2274 6
447 2245 480 2284 quia
490 2244 542 2274 cEW
550 2254 569 2282 ug
579 2243 600 2273 ior
609 2243 681 2282 quoniam.
709 2245 733 2273 de-

56 2295 272 2327 ffElMllZlorhabuerant.
318 2326 319 2330 Ἰ
410 2293 630 2322 mittendiRVlordimittendi,
659 2292 734 2332 paralitico

76 2354 93 2383 34
103 2345 131 2375 exit
141 2344 165 2374 her
175 2344 207 2382 QR
217 2343 240 2371 for
249 2342 288 2372 exiit.
321 2345 381 2379 roguuot
410 2341 435 2370 her
441 2342 458 2369 'sl3
464 2346 489 2379 gat
495 2346 545 2379 petroc
551 2340 601 2369 DRT
607 2339 643 2369 WY
650 2340 672 2369 ior
678 2341 734 2379 paraly-

57 2393 128 2424 corrected
136 2397 151 2423 to
161 2395 246 2431 rogauerunt
254 2389 271 2429 (d
277 2389 298 2429 D)
308 2390 330 2420 ior
340 2399 381 2428 roga·
410 2390 442 2420 ticos
472 2394 546 2427 surgeaet
556 2387 607 2418 adda
616 2388 642 2417 her
651 2391 700 2426 petros
709 2393 734 2427 gat

57 2444 95 2471 hant.
411 2437 438 2467 Hil
445 2436 510 2475 CDEQ
515 2436 533 2466 R,

76 2489 99 2518 IX
109 2498 116 2516 s
125 2489 216 2529 paraliticum
228 2492 278 2526 peirac
289 2489 314 2524 gat
325 2485 381 2516 ΜΚ
430 2484 500 2522 qaaerit.
520 2483 551 2512 The
558 2481 588 2513 first
594 2491 604 2512 o
612 2481 734 2512 hasadotinthe

57 2537 94 2566 TW
106 2537 127 2566 tor
138 2537 235 2575 paralyticum.
269 2533 344 2573 paralitico
356 2532 382 2563 her
410 2531 463 2561 middle
472 2530 501 2560 and
510 2529 600 2560 undemeath.
620 2530 685 2561 Between
694 2530 734 2561 thee

57 2589 106 2625 patroc
113 2587 137 2622 gat
143 2583 164 2614 ior
170 2583 254 2624 paralytico.
411 2581 438 2610 arrd
451 2589 462 2610 o
476 2578 540 2618 [secordi
554 2588 578 2608 are
587 2578 647 2609 another
657 2583 686 2609 tivo
696 2579 734 2616 dots,

49 2665 51 2668 ,
77 2643 85 2672 3
95 2632 170 2663 blasfemat
178 2642 200 2673 oq
209 2633 235 2661 her
244 2636 269 2671 gat
278 2630 350 2661 'cPDRT
359 2630 382 2660 ior
410 2627 453 2658 while
464 2627 488 2658 the
498 2637 508 2657 u
518 2628 530 2657 is
539 2626 594 2657 altered
604 2630 619 2656 to
629 2626 642 2664 b,
652 2627 701 2665 giving
710 2626 735 2657 the

57 2682 150 2722 blasphemat,
410 2676 481 2707 corrected
487 2675 524 2705 form
530 2674 570 2704 abiit.

57 2721 58 2725 Ἰ
76 2740 86 2770 4
97 2735 130 2761 -ut
142 2729 189 2760 before
199 2728 233 2768 quid
241 2729 261 2758 D.
291 2728 341 2767 cogitis
351 2736 381 2757 cor·
429 2734 438 2764 9
448 2725 502 2755 tiloneo
508 2724 533 2754 her
540 2724 555 2762 (q
562 2723 577 2752 a
587 2723 660 2763 theloneo)
668 2723 690 2753 ior
698 2723 735 2753 telo·
