1598 2809
204 51 206 61 ’
269 79 321 115 Tun
334 78 538 117 essstcnossuns
571 77 741 129 [Misenum-

176 166 219 200 runt
228 160 270 199 ineo
279 173 328 211 quae
336 173 379 200 eum
388 174 425 212 que
434 160 532 200 uoluerunt

175 226 202 262 sic
210 230 230 262 et
238 224 288 263 filius
296 225 378 263 hominis
386 237 475 274 passurus
483 231 511 262 est

176 288 226 327 abeis
234 286 250 309 ¹³
257 294 302 328 tunc
311 288 443 328 intellexerunt
452 288 538 338 discipuli

176 352 220 403 quia
229 352 333 391 deiohanne
341 351 424 392 babtista
432 351 539 392 dixisseteis

177 415 194 474 11
200 416 227 456 Et
235 429 278 471 ¹cum
287 417 348 456 ueniss
357 416 447 456 adturbas
456 417 533 455 accessit
542 417 566 455 ad

177 492 220 519 eum
229 480 287 519 homo
296 481 374 530 genibus
383 480 492 531 prouolutus
501 487 544 518 ante

177 544 221 582 eum
229 541 244 565 11
251 544 316 582 dicens
324 545 361 583 dne
369 544 464 582 misserere
472 543 511 582 filio
520 555 563 582 meo

178 608 222 659 quia
230 607 322 646 lunaticus
331 614 360 647 est
369 613 387 646 et
397 608 445 646 male
454 608 525 658 patitur
561 633 563 636 .

178 684 222 710 nam
231 683 276 721 sepe
285 671 335 711 cadit
344 672 427 723 inignem
436 677 455 711 et
464 673 528 711 crebro
538 670 556 709 in

178 747 247 784 aquam
256 734 271 757 ¹⁶
277 740 296 772 et
305 735 365 775 obtuli
374 748 416 774 eum
425 735 557 786 discipulissuis

178 803 197 836 et
205 803 344 846 nonpotuerunt
352 810 415 836 curare
424 796 439 821 1⁷
444 798 536 848 responde

177 873 199 899 ns
207 861 236 899 ihs
245 861 271 899 eit
280 862 390 912 ogeneratio
397 861 492 900 incredula
501 868 520 901 et

178 936 265 974 peruersa
273 937 371 975 quousque
379 925 466 964 erouobis
475 938 517 963 cum

177 1000 273 1039 usquequo
283 988 344 1039 patiar
351 1000 386 1027 uos
394 988 466 1028 adferte
475 988 507 1027 illu

177 1052 233 1092 adme
241 1050 256 1076 11
263 1057 285 1092 et
290 1052 395 1105 increpauit
403 1066 446 1093 eum
455 1052 483 1091 ihs
492 1058 511 1092 et
520 1052 565 1092 exiit

177 1117 225 1155 abeo
234 1116 343 1154 demonium
352 1123 371 1155 et
380 1122 454 1155 curatus
463 1122 491 1154 est
500 1128 542 1167 prer
583 1124 585 1128 '

178 1179 235 1218 exilla
243 1180 290 1218 hora
323 1179 338 1203 11
344 1180 398 1218 Tunc
407 1185 524 1219 accesserunt
533 1180 562 1218 dis

178 1242 234 1293 cipuli
243 1242 307 1282 adihrir
316 1249 387 1282 secreto
396 1249 415 1283 et
423 1245 512 1283 dixerunt
521 1244 537 1282 ei
546 1256 583 1293 qua

178 1319 198 1345 re
207 1319 241 1345 nos
249 1307 383 1357 nonpotuimus
392 1307 451 1346 iecere
459 1307 511 1346 illum
520 1306 535 1329 ²⁰
541 1307 560 1345 di

178 1371 202 1409 cit
211 1370 248 1408 illis
256 1375 333 1421 propter
342 1367 490 1409 incredulitatem
498 1375 562 1408 uestra

178 1435 241 1471 Amen
250 1433 320 1483 quippe
329 1434 426 1472 dicouobis
435 1434 470 1472 nisi
478 1434 527 1472 habu

178 1497 229 1536 eritis
237 1496 294 1536 fidem
303 1497 352 1537 sicut
360 1510 439 1548 granum
447 1497 516 1547 sinapis
526 1497 545 1536 di

177 1562 223 1600 cetis
233 1562 293 1600 monti
300 1562 343 1601 huic
352 1563 408 1601 transi
416 1562 460 1600 hine
469 1561 512 1600 illue
521 1567 540 1600 et

177 1625 264 1665 transibit
272 1630 292 1664 et
301 1626 346 1665 nihil
356 1625 463 1676 inpossibile
471 1626 506 1665 erit
515 1638 539 1665 uo

178 1690 207 1727 bis
215 1688 273 1728 1111οε
282 1695 345 1728 autem
355 1702 414 1741 genus
422 1689 526 1728 nonieeitur
535 1690 569 1727 nisi

177 1753 314 1803 perorationem
325 1758 344 1793 et
353 1753 441 1792 ieiunium
450 1751 465 1775 11
471 1752 573 1792 Conuocan

86 1846 103 1875 13
112 1838 174 1869 babtista
181 1851 195 1879 r2
201 1839 222 1869 for
228 1839 295 1879 baptista.
449 1851 497 1870 -enm
504 1841 516 1870 Β
523 1840 617 1871 ailer‘eurnre.

86 1895 104 1925 14
113 1886 159 1917 ueniss
170 1887 184 1926 (b
193 1887 255 1926 uenisse)
264 1888 285 1917 tot
294 1888 361 1919 uenisset.
438 1888 455 1919 16
461 1899 485 1927 vg,
493 1896 509 1927 17
517 1889 540 1918 VO
554 1889 607 1920 adferte
620 1889 643 1918 bd
645 1898 651 1919 e
652 1889 686 1929 ffgl
690 1899 705 1927 14
716 1894 741 1928 gat

66 1934 114 1964 turbas
120 1934 156 1964 with
163 1943 170 1965 e
176 1934 207 1974 QR
214 1935 301 1965 forturbom.
418 1936 443 1966 her
451 1936 467 1965 ff
476 1936 573 1967 ΣΚΒΘΟΖ
582 1937 604 1967 tor
613 1936 666 1968 afferte.
698 1937 741 1969 -huo

86 1991 102 2022 15
113 1982 186 2013 misserere
192 1983 227 2013 with
233 1982 259 2013 her
265 1988 289 2022 gat
295 1993 310 2022 η
316 1984 338 2013 ior
346 1984 388 2014 mise·
418 1986 453 2015 aiter
459 1985 517 2024 adferte,
526 1995 544 2022 ⁷r=

66 2040 101 2061 rere.
130 2041 164 2070 sepe
170 2031 206 2061 with
208 2032 228 2070 ff
229 2035 254 2069 gat
261 2031 298 2061 RW
305 2031 326 2061 ior
332 2041 379 2071 saepe.
438 2038 454 2069 17
461 2043 484 2071 vg,
493 2033 510 2062 18
517 2032 541 2062 VO
554 2032 636 2062 demonium
643 2032 676 2072 ffb
688 2033 713 2063 her
725 2034 741 2062 ΞΡ

85 2079 117 2109 Tlte
122 2079 207 2117 uumbering
213 2080 230 2109 oi
233 2088 280 2110 verses
288 2087 305 2118 14
311 2084 326 2109 to
332 2080 356 2110 the
362 2080 390 2110 end
418 2080 473 2110 RWO
482 2080 505 2110 ior
514 2080 609 2110 daemonium.
638 2090 670 2120 prer
680 2080 708 2120 slip
719 2081 741 2111 ior

66 2127 276 2167 oitbeehapterisconlusing.
290 2128 389 2159 Wordsworth
419 2138 458 2167 puer.
704 2162 706 2164 ,

65 2177 110 2215 prints
122 2184 138 2214 15
148 2176 197 2207 before
207 2176 256 2207 dicens
266 2176 294 2206 aud
304 2180 329 2206 not
340 2177 355 2206 iu
365 2176 389 2206 the
439 2175 455 2205 18
462 2174 537 2215 vg‚19V0
546 2175 741 2217 ÷eiubcfffg1nqrfludim

65 2225 120 2263 margin
131 2225 167 2253 with
177 2226 201 2255 the
211 2228 245 2260 rest,
254 2224 283 2252 and
291 2224 304 2253 is
314 2234 341 2254 one
350 2233 389 2253 verse
419 2223 561 2262 gataiterdixerunt.
589 2225 741 2256 iecereRioreieere.
792 2230 794 2233 “

66 2271 111 2302 abead
117 2275 133 2301 to
139 2272 163 2302 the
170 2271 197 2302 end
204 2272 221 2301 of
227 2271 251 2301 the
260 2271 322 2311 chapter.
340 2271 390 2302 Nestle
439 2278 456 2309 19
462 2279 486 2310 vg,
494 2279 512 2301 zo
518 2270 543 2301 VO
552 2270 569 2301 ln
578 2271 606 2302 nisi
612 2270 633 2310 (q
641 2271 682 2312 nissi]
691 2271 715 2304 the
725 2273 743 2304 m'

65 2320 91 2351 has
102 2319 174 2351 thesaure
187 2321 297 2359 numberingas
308 2320 337 2351 VO.
358 2320 389 2350 The
418 2319 445 2349 has
455 2319 491 2349 been
501 2319 551 2350 erased
563 2324 579 2349 to
592 2320 626 2351 read
639 2320 656 2351 sl.
693 2321 742 2352 runc

66 2369 154 2399 Clementiae
160 2369 223 2409 Vulgare
231 2372 273 2399 treats
284 2377 302 2408 14
309 2369 337 2398 aud
349 2376 365 2408 ¹5
373 2378 389 2397 as
419 2367 472 2407 (which
478 2368 490 2397 is
497 2368 528 2397 said
534 2371 549 2397 to
558 2367 575 2398 be
584 2378 602 2398 an
608 2367 700 2410 Africanism)
706 2369 742 2401 with

67 2426 93 2447 one
97 2426 140 2455 verse,
145 2418 172 2447 and
176 2418 188 2448 is
192 2427 219 2448 oue
223 2417 280 2448 behind.
291 2416 390 2447 Wordsuorth
419 2414 558 2456 abrfffglnqlrer
564 2415 581 2445 Ο.

66 2464 122 2496 follows
131 2465 155 2496 the
164 2467 248 2505 numberiug
258 2467 274 2496 of
282 2465 306 2495 the
316 2466 353 2497 ΑΝ.
361 2465 389 2494 oud
439 2473 456 2493 1ο
466 2474 489 2503 vg,
497 2474 513 2493 11
522 2464 545 2494 VO
555 2464 604 2495 iecitur
610 2475 624 2503 q
630 2466 655 2497 her
661 2467 674 2496 R
680 2467 703 2497 ior
709 2467 742 2497 eisi-

66 2513 104 2543 R.V.
117 2514 166 2544 Reims
173 2514 231 2544 follows
237 2515 261 2544 the
270 2514 364 2549 cunemine,
373 2522 389 2542 as
419 2515 445 2540 tur.

67 2559 101 2590 does
107 2559 161 2600 Bishop
167 2561 249 2592 Challoner.
438 2566 454 2588 21
462 2568 486 2597 vg,
493 2568 509 2588 22
517 2557 541 2589 VO
551 2558 662 2591 eoiruoesntibus
674 2560 696 2592 ior
708 2572 742 2592 oon·

87 2617 103 2647 15
110 2618 135 2647 vg,
141 2608 158 2639 16
164 2609 189 2640 VO
199 2609 244 2640 obtuli
250 2610 270 2639 de
270 2608 284 2649 f
286 2609 325 2639 rber
330 2610 347 2639 s’
353 2609 389 2639 EW
419 2607 510 2638 uersantibus,

67 2654 147 2693 BQoxz
155 2655 177 2685 ior
186 2656 237 2694 optulit
268 2655 296 2685 suis
303 2665 317 2693 ⁷2
325 2656 347 2685 ior
356 2655 388 2686 tuis.
