1598 2809
88 103 120 136 116
290 81 342 136 'mn
354 101 443 138 cenric
455 101 559 138 oosrnus
611 87 678 148 [Mirr
686 110 710 139 1v.
719 109 764 146 25-

169 197 171 215 1
199 181 248 220 bitur
257 181 284 220 illi
293 186 312 221 et
321 181 449 232 quinonhabet
457 181 514 220 etiam
523 180 656 230 quodhabetau

198 246 268 285 feretur
278 248 325 286 abeo
334 245 349 268 ³³
355 247 380 285 Et
389 246 464 285 dicebat
473 247 499 286 sic
508 250 537 284 est
546 258 624 296 regnum
634 247 679 297 diqu

200 323 229 349 em
239 311 343 349 admodum
352 311 367 348 si
376 310 434 349 homo
443 311 500 349 iectat
509 322 573 348 semen
582 311 672 350 interram

198 373 212 403 ³³
218 380 237 412 et
246 376 327 413 dormiat
337 380 355 412 et
363 380 453 424 exsurgat
462 380 518 413 nocte
526 387 548 411 ac
557 375 588 412 die
596 381 615 412 et
624 387 688 412 semen

199 438 292 489 germinet
301 442 320 477 et
329 438 419 477 increscat
428 439 474 476 dum
482 437 542 477 nescit
551 436 582 476 ille
591 436 606 460 ³³
614 438 662 476 ultro
671 438 721 476 enim

199 509 249 540 terra
258 499 358 540 fructificat
367 501 449 552 primum
458 500 535 539 herbam
544 500 611 539 deinde
620 500 649 552 spi

178 578 180 580 ·
200 579 241 605 earn
251 566 318 604 deinde
327 565 403 615 plenum
412 565 527 604 frumentum
536 565 608 616 inspico
617 563 631 587 ³³
636 570 655 604 et
664 578 706 605 cum

199 643 220 668 se
228 629 339 679 produxerit
348 629 407 667 frutus
416 629 480 668 statim
489 628 556 668 falcem
565 629 653 678 quoniam

200 693 254 732 adest
263 692 329 731 messis
338 691 353 715 ³⁰
358 692 385 731 Et
394 693 481 731 dicebant
490 692 519 731 cui
528 692 682 731 adsimulauimus

200 769 278 807 regnum
287 758 306 795 di
315 762 348 795 aut
357 756 386 795 cui
396 757 498 807 parabulae
507 758 629 806 conpauimus
638 756 684 795 illud

152 836 154 838 ¹
199 819 214 843 ³¹
223 820 249 859 sic
258 826 286 859 est
295 821 343 859 enim
353 820 401 859 sicut
410 833 489 870 granum
498 821 568 870 sinapis
577 822 628 870 quod
637 832 680 860 cum
689 833 709 859 se

200 884 292 922 minatum
301 884 357 921 fuerit
366 884 436 921 interra
445 883 460 905 ³³
465 890 484 922 et
494 896 537 922 cum
546 885 658 922 seminatum
667 884 698 923 fue

200 946 224 986 rit
233 947 315 986 ascendit
326 952 345 985 et
354 946 376 985 fit
387 947 446 985 maior
455 948 543 985 omnibus
552 947 633 985 oleribus
643 941 662 985 et
670 946 689 985 sa

199 1012 225 1052 cit
233 1025 295 1051 ramos
304 1024 383 1062 magnos
393 1011 449 1051 itaut
459 1012 496 1051 sint
505 1010 608 1050 subumbre
618 1012 657 1050 eius

199 1089 243 1115 aues
252 1076 298 1115 caeli
307 1076 391 1114 habitare
400 1074 415 1098 ³³
421 1076 448 1114 Et
456 1077 526 1114 talibus
536 1075 599 1114 multis
608 1089 653 1126 para

198 1139 248 1178 bulis
257 1138 381 1189 loquaebatur
389 1139 415 1177 eis
424 1138 503 1178 uerbum
512 1144 569 1188 prout
578 1145 665 1188 poterant
699 1165 700 1168 =

200 1204 265 1242 audire
274 1202 289 1228 ³³
294 1203 334 1242 sine
342 1202 433 1252 parabule
441 1209 505 1241 autern
513 1203 663 1252 nonloquebatur

201 1268 228 1307 eis
237 1267 327 1307 Seorsum
336 1272 400 1306 nutem
409 1267 505 1318 discipulis
514 1266 552 1306 suis
561 1267 664 1307 disserebat

200 1332 263 1371 omnia
271 1331 287 1354 ³³
293 1332 319 1370 Et
328 1331 354 1370 att
363 1331 399 1369 illis
408 1331 426 1369 in
438 1331 469 1369 ille
478 1330 509 1370 die
517 1343 602 1370 cumsero
612 1337 659 1370 esset

199 1397 270 1435 iactum
279 1402 396 1434 transeamus
405 1402 470 1434 eontra
479 1395 494 1419 ³³
500 1400 519 1434 et
528 1396 643 1434 dimittentes
652 1403 682 1435 tur·
731 1401 764 1435 159

199 1459 243 1498 barn
253 1460 355 1498 adsumunt
364 1471 407 1496 eum
416 1459 442 1497 ita
451 1464 472 1498 ut
481 1463 521 1497 erat
530 1459 592 1498 innaui
601 1465 619 1498 et
628 1459 676 1499 aliae

199 1536 257 1562 naues
266 1528 319 1562 erant
327 1535 370 1560 curn
379 1523 412 1561 illo
421 1521 436 1546 ³⁷
442 1528 461 1561 et
469 1523 518 1562 sacta
527 1530 556 1561 est
564 1523 691 1574 procellamag

201 1597 225 1621 na
234 1584 284 1621 uenti
294 1589 313 1621 et
322 1582 389 1621 fluetus
399 1583 433 1621 mit
442 1584 494 1622 rebat
502 1584 590 1621 innauern
599 1584 626 1620 ita
635 1590 656 1622 ut

199 1646 302 1698 inpleretur
310 1647 363 1686 nauis
372 1645 387 1669 ³³
393 1652 412 1687 et
421 1653 461 1687 erat
470 1648 510 1699 ipse
519 1647 651 1698 inpuppinauis

106 1767 124 1798 26
133 1767 253 1807 araeszcmcsfronr
259 1768 278 1798 iv.
286 1774 302 1808 17
309 1768 413 1806 tzrrverylz'uu
442 1768 500 1798 marked
504 1767 533 1798 and
538 1768 598 1807 nothing
602 1773 617 1798 to
622 1769 661 1799 show
666 1768 766 1807 anyomission

87 1816 105 1857 ³f
108 1817 120 1846 it
126 1816 190 1846 remeius
196 1816 222 1845 till
227 1825 240 1845 v.
249 1824 271 1855 19.
441 1816 478 1846 from
488 1817 512 1846 the
522 1820 555 1846 text.
576 1816 593 1846 In
603 1826 642 1846 verse
652 1824 668 1855 31
679 1826 700 1847 we
708 1817 744 1846 have
752 1817 766 1845 in

125 1864 168 1895 lectar
174 1864 205 1903 EQ
213 1862 243 1904 (gat
249 1874 275 1904 mg
280 1862 331 1904 iactat)
338 1864 359 1894 ior
365 1865 413 1895 iaciat.
442 1869 479 1895 terra
485 1865 548 1896 ascendit
555 1865 580 1895 but
586 1866 649 1895 between
656 1865 681 1896 the
690 1865 720 1896 first
729 1869 766 1895 terra

115 1921 162 1943 semen
169 1912 176 1941 b
175 1912 190 1950 f
187 1912 214 1951 ffq
219 1911 256 1942 rhet
263 1913 277 1951 Q
284 1913 297 1943 G
304 1911 326 1941 ior
333 1916 414 1942 sementem.
442 1914 470 1943 ond
476 1912 539 1944 aseendit
547 1922 565 1951 vg
573 1913 614 1943 reads
620 1913 666 1944 minus
673 1917 694 1945 est
700 1913 766 1944 omnibns

107 1965 123 1999 ²7
134 1970 151 1991 ac
157 1960 167 1990 lr
174 1961 187 1990 Ε
194 1963 219 2000 gat
225 1960 247 1989 for
253 1964 272 1990 et.
442 1962 518 1992 seminibus
523 1971 559 2001 quae
564 1964 597 1991 sunt
603 1961 618 1991 in
623 1965 665 1993 terra.
685 1972 701 2001 32
707 1962 726 1992 Et
733 1972 766 1992 cum

106 2017 124 2048 ²9
137 2016 167 2040 ÷se
177 2008 213 2038 after
222 2017 255 2038 curn
264 2008 274 2038 lt
281 2019 291 2044 μ
297 2018 312 2046 72
320 2012 344 2046 gat
352 2007 381 2038 VO.
441 2010 526 2040 seminatum
532 2010 579 2040 fuerit>
598 2010 643 2040 Much
649 2011 680 2041 thet
687 2021 713 2041 our
721 2009 766 2040 scribe

87 2057 131 2087 frutus
137 2057 160 2087 ior
166 2056 222 2087 fructus.
254 2056 313 2086 -mittit
320 2055 351 2094 (her
359 2055 413 2095 mittat)
441 2057 467 2087 has
477 2056 529 2087 missed
538 2057 550 2087 is
560 2057 620 2096 missing
633 2057 664 2088 also
676 2058 713 2088 from
726 2057 766 2088 other

88 2104 184 2136 alterstatim.
442 2106 488 2137 Celtic
495 2105 537 2136 MSS.

106 2161 124 2191 ³0
133 2153 199 2184 dicebant
207 2151 237 2192 (the
243 2161 254 2182 n
260 2152 302 2194 hosa
312 2151 338 2182 dot
347 2152 393 2182 above
402 2152 414 2183 it
461 2162 478 2191 3²
485 2153 630 2185 maiordefornatus.
649 2154 702 2185 sintfor
706 2154 765 2194 possint.

87 2201 109 2232 for
119 2201 203 2241 correction)
214 2200 236 2230 ior
247 2200 309 2231 dicebat.
337 2199 414 2230 adsimila·
462 2209 479 2239 33
488 2201 560 2240 parabulis
573 2201 598 2231 her
610 2206 635 2240 gat
647 2213 662 2239 ⁷¹2
669 2202 734 2233 DRGE
744 2202 767 2232 for

86 2247 307 2288 nimusrfliorassimilnbimus.
336 2248 414 2288 parabulae
442 2250 519 2289 parabolis.
540 2249 767 2291 'loquaebaturiorloquebntur.

87 2310 100 2338 72
107 2303 132 2338 gut
139 2309 149 2335 μ
158 2298 227 2328 buu}
236 2298 258 2327 for
266 2296 349 2338 parabolae.
379 2307 413 2328 con·
462 2307 480 2337 34
489 2298 558 2338 parabula
565 2308 580 2337 tr
586 2299 612 2329 her
619 2299 633 2328 D
641 2299 717 2331 RGEior
725 2308 767 2339 pura·

86 2348 152 2388 ponimus
158 2348 180 2378 for
188 2347 309 2386 comparabimus.
442 2347 480 2377 bola.

106 2404 122 2433 51
137 2395 173 2426 esic
178 2400 199 2425 est
206 2394 243 2425 enim
253 2395 301 2424 before
309 2394 346 2424 sieut
355 2394 387 2434 (her
393 2394 414 2424 sic
462 2394 479 2431 36
489 2394 565 2424 adsumunt
572 2395 580 2424 l
584 2393 594 2424 h
600 2404 615 2433 rr
623 2395 655 2425 deer
664 2395 690 2426 her
698 2396 720 2426 ior
728 2404 767 2425 ussu-

87 2447 108 2473 est
113 2444 154 2473 sicut:
161 2444 187 2472 dur
195 2444 235 2482 Qslo
239 2447 260 2472 est
266 2442 293 2482 ut).
325 2444 387 2471 -minus
393 2447 415 2471 est
442 2446 487 2472 munt.

88 2492 152 2522 omnibus
163 2491 240 2521 seminibus
253 2500 289 2530 quae
301 2495 333 2521 sunt
346 2491 361 2520 in
371 2495 413 2529 terra,
461 2496 478 2529 37
488 2491 554 2519 innauern
563 2490 626 2529 affuit
631 2501 669 2530 qrrt
677 2496 701 2531 gut
712 2490 744 2530 (her
753 2491 767 2520 in

88 2540 123 2570 alter
128 2540 152 2569 the
157 2539 186 2570 first
190 2541 205 2569 in
209 2544 250 2570 terra.
263 2539 293 2569 Our
299 2539 375 2569 scribebas
379 2540 414 2569 been
442 2537 482 2577 naui)
488 2538 513 2568 VO
519 2538 542 2567 for
548 2537 563 2567 iu
568 2540 621 2569 navim.
650 2539 726 2579 inpleretur
732 2538 772 2578 ufff

88 2587 149 2625 severely
155 2587 225 2618 eritieized
232 2588 281 2626 byDr.
288 2587 414 2617 Scrivenerlorhis
442 2587 471 2625 Ιιν2
477 2590 502 2626 gat
508 2587 533 2616 her
539 2587 554 2616 Ι)
559 2586 595 2616 utu
603 2590 614 2618 Σ
620 2588 643 2617 for
648 2588 734 2628 impleretur.

88 2635 178 2666 carelessness
184 2636 199 2666 in
205 2635 257 2675 having
262 2646 278 2666 so
285 2646 327 2674 many
332 2635 414 2666 homoeote·
462 2636 479 2674 38
490 2635 544 2668 ÷nauis
548 2635 584 2667 after
587 2638 633 2677 puppi
637 2637 680 2675 herm
684 2637 697 2677 (e
701 2637 716 2668 in
720 2636 769 2677 priora

87 2686 130 2715 leuto.
149 2684 181 2714 The
188 2685 255 2715 edituros
259 2688 285 2723 gat
291 2685 318 2715 has
324 2694 343 2714 no
350 2694 389 2715 verse
396 2693 413 2722 32
442 2695 484 2725 super
490 2684 578 2724 puluinum).
