1598 2809
4 32 87 69 —Mnr‘n
96 42 133 70 auu.
142 31 173 83 34]
207 34 259 70 THE
272 33 361 73 CELTIC
373 35 477 73 GOSPELS

116 116 225 155 ducantium
233 120 297 154 autern
306 116 341 155 fuit
350 129 437 155 numerus
445 119 490 167 quin

115 191 153 229 que
162 179 214 216 milia
223 179 305 217 uirorum
314 180 399 230 exceptis
408 180 479 218 mulieri

116 243 152 281 bus
161 247 180 281 et
189 241 271 291 paruulis
280 241 296 265 ²2
301 248 320 282 et
328 243 392 282 statim
402 243 446 282 insit
455 244 527 294 discipu

117 304 145 344 los
154 305 253 345 ascendere
261 306 387 345 innauioulam
396 311 415 345 et
424 319 490 357 praece

117 370 162 409 dere
171 382 214 408 eum
222 375 274 409 trans
284 370 351 409 fretum
361 371 421 410 donec
431 371 519 411 demittet

117 439 146 472 ret
154 435 220 472 turbas
229 432 244 456 ²³
251 440 270 473 et
279 435 347 474 dimisa
355 435 412 473 turba
421 437 506 475 ascendit

117 497 220 535 inmontem
229 497 279 536 solus
288 509 363 536 orare
370 496 383 549 s
389 497 404 520 ²4
410 499 496 538 nauicula

118 560 203 612 Uespere
211 566 275 600 autem
284 560 335 601 facto
343 561 395 601 solus
404 569 443 602 erat
453 563 478 601 ibi

117 631 181 663 autem
190 625 272 664 inmedio
281 625 328 663 mari
337 626 442 665 iactauatur
450 626 486 665 fiuc

104 689 106 691 ’
118 688 169 732 tibus
177 693 217 727 erat
226 688 275 728 enim
284 690 386 729 contrarius
393 697 460 729 uentus
468 688 483 712 ²⁵
489 703 514 742 qu

119 758 160 791 arta
168 752 233 803 uigilia
242 754 301 792 noctis
310 754 361 793 uenit
370 754 427 793 adeos
435 755 492 794 ambu

84 829 86 850 :
118 815 159 854 lans
168 828 224 866 super
233 828 284 855 mare
293 816 307 839 ²⁶
313 817 427 856 et‘uidentes
435 830 478 856 eum
487 831 509 857 su

118 892 153 931 pra
162 892 213 919 mare
222 880 350 920 ambulantem
359 882 429 921 turbati
437 887 480 921 sunt

120 944 203 982 dicentes
212 944 257 992 quia
265 945 359 984 fantasma
367 951 396 984 est
405 951 424 984 et
433 959 478 994 prae

119 1007 187 1045 timore
194 1006 322 1047 clamauerunt
330 1006 345 1031 ²⁷
351 1009 415 1047 statim
424 1022 461 1060 que
470 1008 498 1048 ihs
551 1026 553 1028 ·

119 1070 195 1122 loqutus
204 1077 233 1110 est
241 1072 267 1110 eis
276 1073 339 1112 dicens
348 1072 417 1112 habete
425 1073 494 1113 fiducia

121 1148 199 1185 egosum
208 1135 266 1175 nolite
276 1137 342 1175 timere
373 1134 387 1189 s
392 1138 430 1175 situ
439 1151 459 1175 es
468 1137 511 1176 iube

121 1198 136 1221 ²⁸
142 1200 266 1248 Respondens
277 1207 341 1239 autem
350 1207 414 1251 petrus
423 1201 474 1239 dixit
483 1203 520 1240 dr're

122 1274 151 1300 me
161 1262 223 1301 uenire
231 1264 276 1302 adte
284 1275 339 1312 super
346 1275 405 1312 aquas
414 1263 429 1285 ²⁹
434 1270 454 1302 at
463 1265 502 1313 ipse

122 1326 148 1365 ait
157 1326 201 1364 ueni
209 1331 228 1364 et
237 1326 347 1366 discendens
355 1334 420 1378 petrus
429 1328 477 1366 dena

122 1390 184 1429 uicula
192 1391 303 1447 ambulabat
311 1404 367 1442 super
376 1404 445 1442 aquam
454 1398 475 1430 ut

123 1455 195 1493 ueniret
204 1455 268 1494 adihm
276 1454 292 1478 ³⁰
299 1457 365 1494 uidens
374 1462 500 1494 uerouentum

123 1519 206 1558 ualidum
215 1519 278 1558 timuit
287 1525 306 1558 et
315 1532 357 1558 cum
366 1521 460 1570 caepisset·
467 1532 507 1559 mer

123 1582 142 1632 gi
151 1582 240 1620 clamauit
249 1583 311 1621 dicens
320 1585 357 1622 dr're
366 1583 439 1621 saluum
448 1596 478 1621 me

123 1646 152 1685 fac
161 1644 176 1667 ³¹
183 1651 202 1685 et
210 1645 299 1686 continuo
308 1647 336 1685 ihs
345 1648 447 1686 extendens
456 1659 532 1686 manum

121 1710 267 1760 adpraechendit
276 1725 318 1750 eum
328 1717 347 1750 et
355 1711 382 1750 ait
390 1710 416 1749 illi
426 1710 500 1750 modice

123 1773 167 1813 fidei
175 1786 233 1824 quare
242 1774 331 1814 duuitasti
360 1773 374 1828 s
380 1775 428 1814 sauit
436 1780 504 1814 uentus

124 1837 140 1861 ³²
146 1839 172 1877 Et
181 1851 222 1877 cum
232 1840 358 1878 ascendissent
367 1837 492 1879 innauieulam
501 1852 531 1879 ces

124 1902 140 1926 ³³
147 1902 179 1952 qui
188 1908 249 1940 autem
259 1903 365 1942 innauicula
373 1909 414 1941 erat
422 1916 492 1942 ueneru

124 1971 147 2004 nt
155 1971 174 2003 et
182 1965 284 2004 adorarunt
293 1979 335 2004 eum
344 1966 428 2004 dicentes
438 1979 481 2003 uere

125 2029 175 2067 fillus
183 2030 203 2068 di
211 2041 231 2067 es
266 2029 281 2052 ³4
289 2031 315 2070 Et
324 2042 366 2069 eum
376 2030 512 2069 transfretasse

14 2125 35 2156 St.
41 2126 98 2166 Jerome
106 2125 140 2155 used
150 2123 222 2163 thephei
230 2125 254 2154 the
261 2126 308 2156 Greek
317 2124 339 2155 for
367 2121 456 2165 phantasma.

14 2174 54 2211 thes
57 2174 73 2204 of
77 2174 102 2205 the
108 2174 144 2204 O.L.
387 2180 404 2212 27
414 2173 472 2213 loqutus
479 2174 501 2204 for
506 2174 567 2203 locutus.

34 2230 51 2250 aa
61 2222 95 2250 insit
103 2222 242 2251 her'tPRforinssit.
289 2222 339 2250 demit·
387 2231 405 2259 ²9
415 2221 496 2250 discendens
502 2221 527 2250 her
533 2219 629 2258 gat'sPDfor
635 2219 692 2248 descen·

15 2269 176 2301 teraxettordrminerer.
368 2268 406 2299 dens.

36 2326 53 2356 ²3
64 2318 115 2347 dimisa
121 2318 143 2347 for
149 2318 213 2349 dimissa.
388 2326 406 2355 3⁰
412 2317 481 2356 caepisset
487 2317 508 2346 for
515 2316 588 2355 coepisset.

12 2380 13 2383 ¹
34 2365 61 2396 aas
68 2366 129 2404 missing
129 2366 171 2405 from
177 2367 206 2397 xiv.
214 2375 231 2403 23
238 2370 251 2396 ta
258 2366 296 2396 xviii.
303 2374 325 2397 ra.
388 2373 405 2402 31
416 2364 526 2403 adpraenhendit
533 2363 564 2401 (VO
573 2363 585 2392 is
594 2372 644 2401 wrong
652 2361 692 2400 here)

36 2423 53 2454 ²4
60 2414 138 2444 iactauatur
143 2414 165 2444 ior
170 2415 253 2445 iactabatun
369 2413 391 2443 for
404 2412 500 2452 adprehendit.
540 2410 596 2440 modice
607 2410 632 2440 db
640 2419 646 2440 e
653 2420 661 2450 q
667 2413 693 2449 gat

35 2471 52 2501 25
64 2467 127 2493 -antem
134 2463 170 2494 after
176 2467 230 2502 quarta.
370 2461 416 2492 ΕΟΖ
425 2460 514 2499 Canterbury
523 2460 545 2490 for
553 2458 632 2505 modicae..
652 2458 693 2488 duui-

37 2508 53 2539 26
60 2509 130 2540 fantasma
137 2509 153 2548 (a
161 2508 263 2547 fanthasmata)
270 2510 277 2540 d
284 2520 310 2549 egl
316 2509 341 2539 her
370 2509 403 2539 tasti
409 2508 431 2537 for
438 2508 511 2537 dubitasti.

17 2556 32 2587 lL
42 2560 67 2597 gat
76 2557 93 2586 tr>
102 2557 121 2587 ru
130 2558 145 2588 D
152 2558 165 2588 T
171 2558 185 2588 R
192 2558 204 2588 E
211 2558 230 2588 W
235 2557 264 2596 JK
272 2558 285 2589 0
292 2558 305 2588 V
312 2558 323 2587 Z
330 2559 342 2589 Σ
389 2565 406 2594 33
417 2560 446 2585 erat
452 2555 474 2585 for
479 2558 522 2586 erant
552 2554 628 2585 adorarunt
633 2553 695 2585 sorado-

17 2605 60 2637 codd.
75 2605 149 2644 Bonlogne
168 2607 197 2636 and
215 2606 303 2644 Canterbury
320 2606 341 2635 for
370 2607 440 2635 rauerunt.

350 2666 363 2694 E
