1598 2809
44 39 186 97 ameria]
228 35 299 83 sana
311 45 401 86 canate
412 47 516 86 coenans
686 59 717 97 171

154 133 185 167 tur
194 126 234 167 ²4et
242 134 264 167 ut
273 128 339 167 darent
347 128 430 167 hostiam
438 131 541 168 secundum
550 131 600 181 quod

155 192 227 231 dictum
236 199 264 232 est
273 193 335 243 inlege
343 193 376 231 dni
385 204 419 242 par
428 198 520 232 turturum
529 200 562 234 aut

155 256 203 294 duos
212 256 274 306 pullos
282 255 412 295 columbarum
422 254 437 277 ²⁵
443 256 469 295 Et
478 268 520 295 ecce
527 257 585 297 homo
593 271 613 297 er

156 326 176 359 at
184 319 315 359 inhierusalem
325 319 354 359 eui
363 331 431 358 nomen
441 324 481 358 erat
489 319 560 358 simeon
570 327 589 362 et

155 384 213 423 homo
222 385 257 423 iste
266 384 326 423 iustus
335 389 354 424 et
362 384 463 423 timoratus
472 389 574 434 expectans

155 449 304 488 consulationem
314 447 383 487 israhel
391 452 410 485 et
418 453 450 498 sps
459 452 487 486 scs
496 453 536 487 erat
545 449 587 488 ineo

156 510 171 534 ²⁶
177 517 196 551 et
205 516 314 562 responsum
324 511 418 562 acciperat
427 517 474 562 assiu
484 515 516 551 sio
524 513 604 552 nonuisu

156 588 197 613 rum
206 589 227 614 se
236 581 317 614 mortem
326 571 362 613 nisi
371 574 421 626 prius
430 574 503 613 uideret
512 581 560 625 xpm
569 576 602 614 diri
693 619 695 621 ,

155 638 169 662 2⁷
175 645 193 678 et
202 640 255 679 uenit
263 640 318 690 impu
327 638 440 689 intemplum
449 644 467 678 et
476 651 518 679 cum
527 639 635 681 inducerent

155 716 234 755 puerum
243 705 282 743 ihm
291 712 378 755 parentes
386 704 426 743 eius
435 710 456 743 ut
465 704 548 744 lacerent
557 718 578 744 ea
655 701 657 705 ’

156 781 204 819 quae
212 769 327 808 saecundum
336 769 490 807 consuetudinem
499 768 546 819 legis
555 782 590 819 pro
699 816 701 818 ‚

156 845 179 872 eo
187 831 202 854 ²⁸
208 839 227 872 et
236 833 276 883 ipse
284 833 352 883 accipit
362 845 404 871 eum
414 831 487 872 inulnas
495 846 539 871 suas
548 839 567 872 et
575 833 642 874 benedi
683 839 717 874 233

155 896 185 933 xit
193 908 237 933 eum
246 901 264 933 et
274 895 324 933 dixit
333 893 347 917 ²⁹
354 908 404 934 nunc
413 894 487 933 dimitte
496 908 570 934 seruum
579 902 633 934 tuum

156 960 193 1000 dne
202 960 315 999 saecundum
325 961 402 999 uerbum
412 965 465 999 tuum
475 960 542 1009 inpace
550 959 614 1011 ³⁰quia

157 1023 243 1077 uiderunt
252 1022 301 1062 oculi
311 1024 347 1062 mei
356 1023 437 1063 salutare
446 1029 499 1062 tuum
509 1022 524 1045 ³¹
530 1025 581 1075 quod
591 1036 649 1076 prepa

156 1088 201 1126 rasti
210 1094 254 1127 ante
263 1088 330 1127 taciem
339 1088 422 1126 omnium
431 1088 544 1138 populorum
553 1088 568 1111 ³2
573 1089 637 1127 lumen

155 1152 312 1191 adreuelationem
321 1152 406 1204 gentium
415 1158 435 1191 et
443 1151 522 1202 gloriam
531 1152 591 1202 plebis
599 1159 642 1192 tuae

155 1215 223 1255 israhel
232 1215 247 1238 ³³
253 1216 279 1254 Et
287 1223 328 1255 erat
337 1216 403 1265 ioseph
411 1222 431 1254 et
440 1220 500 1254 mater
508 1216 548 1254 eius
557 1217 645 1256 mirantes

156 1280 211 1330 super
221 1293 269 1330 quae
277 1279 387 1318 dicebantur
395 1278 451 1317 deillo
460 1278 476 1301 ³4
481 1286 500 1317 et
509 1279 607 1318 benedixit
615 1280 628 1318 il

155 1343 179 1381 lis
188 1343 261 1382 simeon
270 1349 289 1382 et
298 1342 347 1382 dixit
355 1342 459 1381 admariam
469 1346 548 1381 matrem
557 1343 596 1383 eius
605 1356 625 1383 ec

156 1420 176 1447 ce
185 1408 215 1446 hic
224 1407 307 1458 possitus
316 1414 344 1447 est
353 1407 446 1445 inruinam
455 1411 474 1445 et
483 1408 616 1447 resurrectione

156 1470 259 1511 multorum
268 1470 355 1510 inisrahel
365 1477 384 1510 et
393 1471 487 1522 insignum
496 1470 525 1509 cui
534 1478 600 1510 contra

156 1537 224 1576 dicitur
233 1536 248 1560 ³⁵
254 1542 273 1575 et
281 1543 334 1575 tuam
343 1536 400 1587 ipsius
410 1536 491 1574 animam
501 1537 621 1585 pertransibit

155 1600 230 1649 gladius
239 1605 260 1638 ut
269 1599 374 1638 reueleutur
383 1598 473 1636 exmultis
482 1598 568 1637 cordibus
577 1599 619 1649 cogi

156 1663 236 1703 tationes
246 1662 262 1686 ³⁶
268 1669 287 1701 et
296 1668 336 1701 erat
344 1675 393 1700 anna
402 1662 493 1712 profetiza
502 1661 540 1700 filia
549 1662 613 1713 phanu

157 1727 174 1766 el
185 1727 260 1766 detribu
269 1739 310 1765 aser
320 1727 373 1765 Haec
382 1730 496 1776 processerat
505 1725 590 1765 indiebus

156 1790 219 1831 multis
229 1797 248 1831 et
257 1791 332 1830 uixerat
341 1803 384 1830 cum
394 1791 434 1829 uiro
443 1803 477 1829 suo
485 1790 538 1829 annis
548 1796 601 1842 septe

156 1856 276 1906 auirginitate
285 1869 317 1893 sua
326 1854 341 1878 ³⁷
347 1861 366 1894 et
375 1856 420 1893 haee
430 1855 487 1894 uidua
496 1867 554 1905 usque
563 1856 588 1894 ad

156 1929 216 1957 annos
225 1922 326 1968 octogenta
334 1922 415 1967 quatuor
423 1929 472 1968 quae
481 1928 518 1955 non
527 1916 590 1956 discen

65 2013 81 2043 25
91 2007 189 2037 hierusalema
195 2007 216 2038 td
219 2016 225 2037 ι
225 2007 275 2046 spru
278 2010 303 2045 gat
308 2007 367 2036 Hamil·
415 2014 431 2043 31
442 2006 521 2046 preparasti
527 2016 537 2042 μ
542 2006 556 2035 D
561 2006 575 2035 T
581 2010 606 2044 gat
614 2005 690 2036 Domnaoh
696 2007 719 2037 ior

45 2054 96 2084 tonsor
102 2055 184 2085 Ierusalem.
217 2060 262 2086 ÷erat
272 2055 307 2084 aiter
316 2065 367 2085 nomen
395 2054 453 2093 parasti.

45 2100 175 2133 briherD'fflR
188 2103 268 2133 Domnach,
303 2103 367 2133 consula·
415 2111 431 2139 32
441 2102 493 2131 israhel
496 2101 665 2140 frhergatiorlsrael.

45 2149 99 2181 tionem
105 2151 130 2182 her
139 2163 150 2189 μ
160 2151 193 2182 deer
202 2152 232 2182 dim
241 2151 277 2182 Da
287 2150 308 2181 ior
317 2162 367 2183 conso·
415 2158 432 2188 33
442 2150 492 2190 ioseph
498 2154 513 2180 et
519 2153 563 2181 mater
572 2149 602 2181 eius
611 2148 683 2189 abccfff
687 2149 695 2180 l
698 2160 720 2190 qr

45 2198 118 2230 lationem.
146 2200 198 2229 israhel
203 2210 212 2229 r
217 2201 243 2230 her
248 2205 273 2239 gat
279 2200 301 2229 for
307 2200 357 2230 Israel,
397 2197 457 2237 (-eius)
466 2210 476 2235 μ
484 2198 511 2227 Hil
518 2198 531 2228 G
538 2198 559 2228 ior
565 2202 605 2237 pater
613 2197 643 2227 eius
649 2203 664 2228 et
669 2202 720 2229 mater.

64 2246 82 2276 26
91 2247 162 2288 acciperat
168 2258 178 2287 q
182 2258 192 2285 μ
198 2247 224 2279 her
228 2248 257 2278 dim
263 2248 296 2277 PR
301 2247 367 2279 ioracce·
427 2246 464 2275 -his
471 2245 506 2275 alter
512 2254 558 2284 snper,

45 2299 89 2332 perat.
415 2303 433 2332 34
442 2295 466 2324 hic
479 2294 540 2332 possitus
551 2298 572 2324 est
584 2293 607 2323 ior
619 2295 675 2331 positus
684 2305 697 2325 e.
704 2294 719 2326 h.

64 2348 81 2380 27
95 2351 127 2374 eea
136 2353 172 2384 quae
183 2354 197 2380 μ,
207 2344 242 2374 with
252 2344 276 2374 the
287 2344 338 2375 Greek.
410 2340 610 2381 israhelafrgatforlsrael.
631 2341 662 2371 -ln
668 2342 716 2372 before

46 2392 129 2421 saecundum
136 2392 158 2422 ior
164 2392 245 2422 secundum.
395 2390 515 2419 resurrectionem.
559 2388 658 2419 contradicitur
672 2399 682 2419 a
697 2390 720 2420 ior

47 2447 49 2451 ¹
64 2439 81 2469 28
91 2440 143 2481 accipit
152 2440 177 2472 her
184 2441 232 2478 pdeer
242 2440 272 2471 dim
282 2441 298 2471 'cl'
304 2440 336 2480 QR
346 2441 368 2472 lor
396 2440 504 2472 contradicetur.

45 2489 103 2526 accepit.
132 2499 164 2520 eum
167 2489 186 2529 ff
188 2490 209 2519 ior
216 2490 269 2521 Deum.
415 2488 433 2526 36
442 2488 510 2528 profetiza
522 2488 547 2518 her
559 2488 614 2530 Dux
626 2488 648 2518 for
656 2490 719 2530 prophe-

64 2542 82 2574 29
91 2537 148 2568 dimitte
158 2538 215 2575 belrp
225 2538 251 2568 dur
264 2541 288 2576 gat
298 2538 330 2568 Iren
340 2538 367 2567 Hil
395 2537 434 2567 tissa.

46 2580 77 2620 (her
84 2584 139 2626 dimite)
145 2586 206 2625 Dffmg
213 2586 271 2625 QRior
275 2585 339 2617 dimittis.
415 2590 432 2623 37
442 2588 518 2624 octogenta
528 2584 544 2614 ff
553 2585 576 2616 ior
585 2585 663 2624 octoginta.
697 2586 718 2617 di-

46 2635 130 2665 saecundum
137 2636 159 2666 ior
165 2637 246 2666 secundum.
