1598 2809
126 62 159 98 188
328 60 380 96 THE
393 59 482 97 CELTIC
495 60 599 97 GOSPELS
654 58 716 109 [Luun
724 71 747 97 vr.
757 61 778 107 38

224 141 327 179 confersam
336 146 354 179 et
363 140 477 189 coagitatam
487 145 506 178 et
514 152 570 190 super
579 140 629 178 fluen

224 210 263 242 tem
272 203 344 242 dabunt
352 204 433 243 insinum
443 210 526 243 uestrum
535 202 602 244 eodem

225 269 295 318 quippe
303 281 390 307 mensure
399 281 436 318 qua
445 269 504 307 mensi
513 268 584 307 fueritis
593 282 612 307 re

227 331 309 371 initietur
318 330 372 373 uobis
385 342 398 378 ;-
410 332 425 356 ³⁹
432 333 512 373 Dicebat
521 338 585 372 autem
594 332 630 371 iliis
639 339 658 371 et

226 396 366 434 similitudinem
375 398 466 447 numquid
476 403 600 446 p0t÷caecus
610 401 665 435 caecu

171 467 173 470 ·
228 459 295 498 ducere
303 472 341 499 non
351 472 374 497 ne
382 460 440 499 ambo
449 461 542 499 infoueam
552 461 620 499 cudent

228 522 243 545 ⁴⁰
250 524 294 563 Non
304 530 332 562 est
341 524 443 575 discipulus
452 538 506 576 super
515 526 626 576 magistrum

229 588 324 627 Perfectus
334 594 397 627 autem
407 589 469 628 omnis
478 589 512 628 erit
521 589 568 627 sicut
577 602 608 627 ma

229 651 287 702 gister
295 653 334 690 eius
346 659 359 694 ζ’
372 651 385 673 4¹
393 651 444 702 Quid
452 659 514 692 autem
524 653 577 691 uides
586 653 630 691 fistu

229 726 271 752 cam
281 716 365 753 inoccuio
375 716 436 754 fraino
446 717 473 754 tui
483 717 512 754 Tu
522 722 584 755 autem

231 779 304 816 trabem
313 789 362 828 quae
370 778 454 818 inocculo
463 784 496 817 tuo
506 780 648 818 nonconsideras

231 839 246 863 ‘¹²
254 841 280 879 Et
288 843 384 892 quomodo
393 848 448 893 potes
457 844 518 882 dicere
528 844 579 882 fratri
588 850 621 882 tuo
630 842 667 881 irai

232 905 272 943 sine
281 906 346 943 iccium
355 907 441 945 fistucam
451 907 529 946 deoculo
538 913 572 946 tuo
581 907 621 957 ipse
630 906 648 945 in

185 989 187 991 ·
233 971 297 1009 occulo
307 978 340 1010 tuo
349 973 421 1011 trabem
431 984 468 1012 non
479 973 532 1012 uides
542 971 655 1021 Hipochrita

233 1036 272 1073 iece
281 1036 362 1084 primum
371 1036 444 1073 trabem
453 1034 533 1073 deocuio
542 1041 575 1073 tuo
584 1041 603 1073 et
611 1041 656 1073 tunc

234 1098 320 1146 respicies
329 1098 420 1137 ureducas
429 1099 515 1138 fistucam
525 1098 604 1138 deoculo
613 1099 640 1138 fra

234 1162 267 1201 tris
276 1164 303 1200 tui
316 1171 328 1203 ζ·
340 1160 356 1185 4³
362 1164 406 1201 Non
415 1169 443 1202 est
451 1163 500 1202 enim
510 1163 566 1202 arbor
574 1163 624 1201 bona
633 1176 682 1212 quae

236 1226 280 1264 facit
290 1226 360 1265 fructus
370 1227 429 1265 maios
438 1239 497 1277 neque
506 1228 561 1265 arbor
571 1227 621 1266 mala

236 1290 303 1328 faciens
312 1290 392 1330 fructum
401 1291 471 1329 bonum
480 1289 496 1313 44
503 1291 547 1331 Una
556 1302 650 1340 quaeque

239 1355 288 1392 enim
298 1355 353 1392 arbor·
363 1355 447 1392 defructu
456 1367 490 1391 suo
499 1355 605 1405 agnoscitur
614 1354 663 1403 Neq3

241 1431 263 1469 ἦ.
272 1416 354 1469 despinis
363 1418 453 1469 colligunt
462 1417 507 1458 ficos
515 1430 576 1467 neque
585 1417 656 1457 derubo

235 1483 357 1521 uendemiant
366 1495 421 1521 uuam
431 1480 446 1504 4⁵
453 1482 517 1521 Bonus
526 1483 576 1520 enim
585 1483 644 1519 homo

238 1545 311 1584 debono
320 1546 418 1585 thensauro
427 1546 488 1584 cordis
496 1545 525 1584 sui
534 1545 605 1595 profert
614 1545 665 1584 bonu

240 1616 258 1647 et
268 1609 328 1646 maius
336 1610 395 1648 homo
404 1610 479 1648 deman
488 1609 576 1648 thesauro
585 1609 655 1659 profert

240 1674 310 1711 malurn
320 1673 473 1712 exhabundantia
484 1686 505 1723 {ss
515 1673 576 1711 cordis
585 1685 606 1711 os
615 1672 680 1723 loquit’

240 1735 255 1758 ‘²⁶
263 1736 313 1787 Quid
323 1744 386 1776 autem
395 1739 467 1776 uocatis
477 1750 507 1776 me
516 1738 553 1776 dire
562 1738 599 1776 dfrc
609 1743 627 1775 et
636 1749 673 1776 non
786 1746 796 1779 7

242 1801 301 1840 facitis
310 1803 401 1851 quaedico
410 1801 424 1825 4⁷
431 1803 498 1841 Omnis
507 1802 540 1852 qui
549 1803 600 1840 uenit
609 1803 664 1840 adme

242 1865 294 1904 audit
303 1878 396 1904 sermones
405 1878 457 1904 meos
466 1871 485 1905 et
495 1865 539 1905 facit
548 1879 579 1904 cos
589 1870 642 1904 osten

243 1930 287 1967 dam
296 1930 350 1966 uobis
359 1930 388 1967 cui
397 1930 462 1967 simiiis
471 1937 487 1971 ÷
497 1926 512 1950 4³
519 1929 584 1966 similis
593 1935 610 1969 ÷
620 1928 691 1966 homini

165 2025 182 2062 38
193 2022 272 2054 confersam
285 2021 292 2050 b
294 2021 314 2061 ff
316 2022 322 2050 l
326 2032 335 2061 q
342 2022 354 2051 C
361 2022 375 2051 G
382 2023 390 2052 I
396 2023 411 2052 K
416 2023 432 2052 M
438 2023 450 2052 T
457 2023 467 2053 Z
497 2020 562 2059 (second)
568 2020 590 2050 for
597 2019 644 2051 oculo.
674 2021 715 2051 uides
722 2032 731 2056 μ
737 2020 765 2050 BC
771 2021 785 2049 D
795 2024 799 2047 Ι

145 2073 172 2102 dur
182 2072 203 2112 (γε
208 2084 218 2109 μ
229 2068 317 2107 conuersum)
328 2070 349 2098 for
358 2070 440 2100 confertam.
498 2071 513 2100 K
518 2070 534 2099 M
540 2069 552 2098 0
557 2069 570 2098 T
576 2068 589 2098 V
594 2068 612 2098 W
618 2069 629 2098 Z
634 2069 655 2098 for
660 2069 712 2099 videns.
736 2068 795 2108 proch

146 2130 187 2161 super
196 2121 262 2150 fiuentenr
272 2117 331 2148 artu?
341 2117 363 2147 for
372 2117 469 2156 supereffluen-
499 2117 517 2145 W
523 2117 545 2146 for
555 2116 639 2154 Hypocrita.
665 2115 694 2145 iece
702 2116 717 2144 D
728 2116 749 2144 for
758 2116 798 2146 eiice.

146 2174 179 2200 tem⁴
209 2164 460 2202 remifieturdrgntforremetietnr.
498 2162 798 2202 respiciesquH’AMPonrperspie

165 2227 180 2255 rZ
186 2217 199 2245 is
205 2214 274 2251 wanting
278 2213 303 2241 till
308 2213 331 2241 vii,
340 2220 361 2241 11.
518 2220 537 2249 44
546 2209 627 2249 agnoscitur
633 2209 656 2239 for
665 2211 758 2249 cognoscitur.

168 2273 185 2304 39
195 2260 291 2301 cadentffqlr
296 2258 363 2298 ugctVO
370 2259 391 2289 for
397 2260 454 2291 cadunt.
500 2264 525 2297 gni
531 2258 553 2288 for
559 2258 614 2297 Neque.
641 2264 658 2286 Ju-
667 2257 718 2296 gatfor
723 2260 765 2290 enirn.

166 2320 185 2350 40
197 2312 224 2340 —si
231 2310 250 2339 sit
256 2309 304 2338 before
311 2308 346 2337 sicut
351 2306 393 2337 ΝΟ.
500 2307 555 2336 ’ΜΟ
565 2307 586 2336 for
597 2306 635 2335 ficus,
664 2306 754 2337 uendemiant
767 2311 793 2346 gat

167 2369 184 2399 41
195 2360 258 2389 fistucam
268 2367 278 2393 μ
284 2360 309 2396 gat
314 2356 349 2386 ΠΕ)
355 2355 368 2384 G
374 2356 388 2385 X
398 2355 420 2386 for
430 2356 471 2386 festu·
501 2355 592 2386 vindemiant.

149 2418 185 2440 cam.
214 2403 340 2443 inocculoitwice)
347 2404 369 2434 for
375 2405 389 2434 in
396 2404 442 2435 oculo.
520 2412 538 2443 45
552 2404 604 2434 renim
619 2402 721 2442 obcferG
730 2404 765 2434 after
776 2404 799 2434 bo

153 2453 336 2488 ÷Tubeforeirabemffi
365 2455 473 2483 nuremtrahem
530 2450 707 2482 thessauroforfhesauro.
731 2452 797 2483 habunda

150 2506 211 2535 'ff'fort
219 2515 231 2533 a.
262 2507 299 2532 -est
306 2502 445 2539 asteriuodeser.
503 2499 658 2539 uDffCTqufor
665 2500 755 2531 abundantia.

169 2551 343 2591 42erlrgntii0fnraui.
369 2545 473 2580 frafforfrater.
522 2554 540 2587 47
553 2546 684 2578 -etbeforeaudit
705 2549 796 2587 ÷=estff1

179 2603 229 2631 iccium
242 2600 271 2635 μΙ)
284 2599 306 2627 for
316 2597 377 2626 eiicinm.
409 2597 474 2626 fistucam
504 2596 555 2625 forsit.

152 2645 397 2688 (twice)rugatDffforfestucam.
425 2644 474 2675 occulo
524 2643 542 2682 48
553 2648 568 2675 ÷
576 2642 629 2673 forest.
