1598 2809
12 115 94 150 -Mnru
103 124 126 149 vr.
136 111 166 162 34]
213 114 265 150 THE
278 113 367 151 CELTIC
379 115 483 151 GOSPELS

121 206 288 256 quidmanducetes
297 218 358 256 neque
364 207 437 256 corpori
445 214 507 245 uestro

122 270 168 319 quid
177 269 281 309 induamini
290 283 354 309 nonne
362 271 429 308 anima
434 270 475 320 plus
484 276 512 308 est

122 347 179 383 quam
189 347 231 372 esca
241 341 259 373 et
268 347 336 383 corpus
344 347 400 383 quam
409 335 540 372 uestimentum

124 395 139 419 ²⁶
145 397 235 447 respicete
244 396 327 436 uolatilia
337 397 384 435 caeli
392 398 481 448 quoniam
490 409 528 434 non

125 468 190 499 serunt
199 473 259 512 neque
267 466 383 513 congregant
392 460 478 499 inhorrea
486 467 506 499 et
515 473 540 510 pa

125 529 154 563 ter
162 531 223 564 uester
231 525 317 565 caelestis
325 525 386 575 pascit
396 524 428 563 illa
436 537 498 563 nonne
506 537 541 562 uos

125 588 185 640 magis
194 589 256 639 piures
265 590 310 629 estis
319 589 356 628 illis
365 587 379 611 ²⁷
385 589 427 639 quis
435 595 499 628 autem
510 601 543 644 ues

125 658 174 690 trum
183 654 268 704 cogitans
277 659 338 703 potest
346 654 415 692 adicite
423 654 447 691 ad
456 658 506 691 statu

124 729 164 754 ram
173 728 226 754 suam
235 716 320 755 cubitum
329 729 387 755 unum
396 714 411 738 ²⁸
416 722 436 754 et
444 716 560 755 deuestimen
668 719 690 753 26

127 787 147 820 to
155 780 201 831 quid
210 780 277 820 soliciti
286 781 331 820 estis
340 780 457 820 considerate
466 779 505 828 lilia

127 845 167 895 agri
175 845 272 895 quomodo
281 852 367 884 crescunt
375 844 500 883 nonlahorant

126 914 219 947 necneunt
228 907 243 929 ²⁹
250 908 292 948 dico
301 909 351 948 enim
361 909 414 948 uobis
423 910 466 960 quia
475 921 508 947 nec
517 921 538 946 so

127 972 191 1010 lomon
200 973 331 1022 inomnigloria
340 985 373 1011 sua
382 979 480 1022 coopertus

128 1040 156 1072 est
165 1035 212 1074 sicut
221 1048 280 1073 unum
289 1036 354 1075 existis
363 1035 378 1057 ³⁰
385 1036 400 1075 si
408 1042 471 1075 autern
480 1035 544 1074 lenum

128 1100 168 1149 agri
177 1099 228 1150 quod
237 1098 293 1138 hodie
302 1106 330 1138 est
340 1105 358 1139 et
368 1113 408 1139 cras
416 1099 530 1139 inclibanum

129 1163 213 1202 mittetur
221 1164 244 1202 ds
253 1164 279 1202 sic
287 1164 344 1202 uestit
352 1170 424 1213 quanto
433 1165 493 1214 magis

129 1239 163 1264 uos
172 1227 245 1266 modice
254 1226 297 1265 fidei
307 1226 322 1249 ³¹
327 1228 386 1267 nolite
394 1241 439 1278 ergo
448 1227 523 1267 solliciti
532 1240 552 1266 es

128 1304 148 1328 se
157 1291 239 1328 dicentes
248 1292 294 1339 quid
304 1292 458 1329 manducabimus
467 1297 500 1327 aut

129 1354 174 1403 quid
183 1353 269 1392 bibemus
277 1359 311 1392 aut
319 1353 365 1403 quid
374 1354 477 1392 uestiemur
485 1351 500 1375 ³²
506 1353 553 1391 haec

128 1417 177 1455 enim
186 1417 315 1468 omniagentes
323 1417 417 1467 inquirunt
426 1419 461 1456 scit
470 1419 520 1455 enim

130 1487 184 1530 pater
192 1489 253 1519 uester
262 1482 306 1531 quia
315 1482 343 1519 his
353 1483 440 1520 omnibus
448 1482 513 1533 indige

131 1545 155 1584 tis
163 1543 178 1567 ³³
184 1546 267 1595 quaerite
275 1551 338 1584 autem
349 1546 430 1596 primum
440 1558 518 1596 regnum
527 1545 546 1584 di

131 1614 150 1648 et
159 1610 242 1649 iusttiam
251 1610 291 1648 eius
300 1617 320 1648 et
329 1611 393 1649 omnia
401 1611 447 1649 haec
456 1609 541 1649 adicient'

133 1673 186 1710 uobis
195 1671 211 1693 ³¹²
218 1672 275 1711 nolite
283 1685 328 1722 ergo
337 1685 378 1711 esse
386 1673 460 1711 solliciti
469 1673 529 1711 incras

132 1735 193 1774 tinum
202 1736 293 1775 crastinus
302 1737 352 1775 enim
361 1738 401 1776 dies
410 1737 500 1776 sollicitus

132 1799 167 1838 erit
176 1799 211 1838 sihi
220 1800 259 1850 ipse
268 1800 336 1838 suflicit
344 1801 381 1838 diei
390 1800 461 1839 malitia
470 1814 502 1839 sua

43 1885 60 1914 25
70 1878 161 1908 manducetes
168 1878 238 1908 corrected
247 1883 262 1907 to
270 1878 346 1908 manduce·
395 1887 413 1916 50
422 1879 470 1909 fenum
476 1889 494 1918 ,ᾗ
500 1878 646 1917 QRWiorloenum.
674 1877 700 1906 ho-

23 1924 45 1955 ris.
64 1925 94 1956 lam
100 1926 126 1956 has
132 1925 191 1956 another
197 1936 262 1966 carry-up
269 1926 306 1956 here.
376 1927 399 1957 die
406 1928 432 1957 has
438 1929 457 1957 its
463 1928 475 1957 ic
482 1928 549 1958 enclosed
555 1927 570 1956 in
574 1927 606 1956 dots
611 1927 636 1956 but
640 1926 672 1963 they
677 1935 700 1955 are

42 1972 59 2003 26
68 1975 137 2014 respicete
144 1973 215 2005 corrected
223 1979 238 2004 to
246 1974 317 2013 respicite.
376 1974 416 2004 those
423 1975 454 2004 that
461 1974 530 2004 surrounrl
536 1974 560 2004 the
567 1974 582 2004 N
588 1974 625 2003 from
631 1974 655 2016 the
660 1973 700 2002 other

25 2027 143 2061 -uequemetuut
148 2022 175 2053 Hss
179 2024 198 2053 D.
226 2023 271 2063 pascit
277 2023 298 2052 ab
303 2022 346 2062 ffher
376 2022 407 2052 side
415 2024 431 2053 oi
439 2022 463 2053 the
472 2032 509 2062 page
519 2024 547 2053 anri
557 2023 597 2053 shorv
606 2022 668 2060 through
677 2022 700 2051 the

23 2069 52 2100 lam
63 2075 87 2110 gut
100 2071 128 2101 Hil
138 2071 187 2101 RH&
199 2071 225 2101 has
236 2071 271 2101 been
281 2071 346 2110 Wrongly
376 2072 464 2110 parchment.
483 2072 500 2101 In
510 2081 549 2102 verse
562 2080 576 2100 11
588 2081 609 2101 we
619 2071 649 2100 had
662 2071 699 2100 odie.

24 2119 96 2149 corrected
104 2123 119 2149 to
127 2124 179 2158 pascet.
207 2120 256 2159 plures
263 2118 293 2158 bsg
299 2119 315 2148 ff
322 2124 346 2158 gut
405 2120 470 2150 mittetur
478 2120 505 2150 Hil
516 2120 591 2160 thu
603 2119 625 2149 ior
635 2118 699 2148 mittitur.

23 2167 49 2196 dur
68 2168 101 2197 deer
120 2167 309 2206 EQCTBXYZAILO
325 2168 347 2198 ior
404 2168 461 2198 modice
473 2169 489 2208 (a
501 2167 528 2198 Hil
540 2172 566 2207 gat
581 2166 702 2206 .ae)bfg1kmr

24 2214 73 2252 pluris.
376 2215 410 2255 Aug
417 2216 453 2255 (lam
460 2216 487 2254 ,ael
495 2216 525 2246 ER
532 2216 554 2246 for
560 2215 630 2246 minimae.

42 2270 59 2302 27
69 2264 150 2294 adicireior
157 2264 216 2294 adicere.
396 2272 412 2299 31
423 2264 457 2302 quid
470 2263 564 2302 bcfgllrkm
577 2275 587 2298 μ
600 2263 629 2291 dim
639 2266 664 2299 gat
675 2262 701 2291 dur

23 2319 31 2349 q
39 2311 52 2340 is
59 2311 162 2351 mirsingfram
168 2313 187 2343 vi.
195 2314 212 2343 28
218 2315 232 2342 to
238 2313 263 2342 vii.
271 2312 284 2342 8.
377 2312 418 2351 ἕως
425 2312 475 2350 QcM
480 2312 509 2342 ΟΖ
516 2322 534 2351 vg
538 2312 597 2352 forquo,
626 2312 702 2341 uestiemur

43 2362 60 2390 28
70 2358 122 2390 soliciti
126 2362 168 2400 fflgI
172 2361 215 2399 gatD
221 2360 252 2399 QR
257 2360 346 2391 forsulliciti.
377 2360 441 2390 cklrm
448 2361 481 2399 Aug
487 2360 509 2390 for
516 2361 599 2399 operiemur.

51 2407 231 2448 necM'QRZlornequc.
257 2408 347 2447 neuutbglm
397 2417 414 2446 33
424 2409 493 2438 iusttiam.
513 2409 544 2438 The
553 2407 631 2439 scribebas
641 2407 702 2438 omitted

24 2459 49 2492 gat
58 2457 83 2485 her
93 2456 348 2495 legDEQRu,correctedbya
377 2457 479 2486 anibenveen
487 2457 511 2485 the
519 2461 548 2486 two
557 2456 579 2485 t's.
609 2456 657 2485 omnia
667 2455 702 2485 haec

25 2502 50 2532 dot
60 2504 104 2533 under
113 2503 138 2534 the
147 2511 158 2533 u
167 2506 183 2533 to
192 2507 229 2535 nect.
239 2506 265 2542 gat
274 2504 314 2543 gives
324 2504 348 2534 the
378 2502 422 2544 affik
428 2504 462 2543 nug
469 2503 571 2543 QCTBWZ
578 2503 600 2533 for
606 2503 642 2534 haec
648 2503 702 2534 omnia.

25 2560 64 2581 same
71 2552 152 2583 correction.
406 2553 475 2582 adicient'.
496 2552 575 2582 Theches
585 2553 609 2582 the
618 2556 645 2592 top
654 2552 702 2583 stroke

45 2600 203 2637 npenimforautem.
238 2601 271 2639 qnia
281 2600 314 2639 asp
324 2605 349 2639 gat
378 2601 430 2639 ending
438 2601 452 2629 in
460 2610 479 2630 au
487 2601 547 2640 upward
555 2609 596 2631 curve
604 2610 623 2631 ou
631 2602 656 2632 the
665 2601 703 2640 n'ght

27 2647 87 2679 DEior
93 2650 165 2690 quoniam.
194 2648 259 2680 solomon
264 2660 278 2680 m
284 2650 306 2680 for
311 2650 348 2680 salo·
378 2649 416 2680 hand
424 2649 471 2680 which
478 2649 547 2680 indicates
555 2648 594 2680 ‘rur'
604 2650 632 2680 and
640 2651 679 2690 gives
686 2661 703 2681 us

26 2705 64 2728 mon.
378 2698 460 2729 adicientur.
