1598 2809
272 57 325 92 THE
337 57 424 95 CELTIC
437 57 540 95 GOSPELS
585 55 653 106 [ΜΑΤΤ.
662 66 691 94 xv.
701 68 746 92 21-

181 137 252 178 sidonis
261 136 276 161 2²
281 146 300 179 et
310 152 352 178 ecce
361 139 427 179 mulier
436 140 526 178 cannania
535 139 580 177 afini

181 204 216 242 bus
225 202 261 242 illis
271 216 335 255 egresa
343 204 432 243 clamauit
440 203 504 243 dicens
513 203 530 242 ei
540 202 574 242 mis

181 279 241 306 serere
251 270 288 307 mei
297 269 334 307 dne
343 268 376 307 filii
385 269 442 308 dauid
452 268 489 307 titia
498 280 540 307 mea
549 280 580 307 ma

182 331 200 371 Ie
209 333 310 372 ademonia
319 340 399 372 uexatur
408 332 422 355 ²³
428 335 461 383 qui
469 344 575 382 nonrespon

183 398 211 436 dit
219 398 236 435 ei
243 400 322 437 uerbum
331 399 423 448 rogabant
433 410 475 436 eum
484 398 538 436 dicen

182 467 211 501 tes
220 463 299 501 demitte
308 476 350 502 eam
359 462 403 512 quia
411 461 481 502 clamat
490 468 533 512 post

183 539 218 565 nos
227 525 243 549 ²4
249 527 289 576 ipse
298 533 361 565 autem
370 526 484 577 respondens
495 526 520 564 ait
529 538 567 564 non

183 601 225 628 sum
235 590 293 628 misus
302 591 336 627 nisi
346 590 416 628 adoues
425 577 473 639 quae
482 589 533 640 perie
593 632 595 635 .

184 659 227 692 runt
236 653 304 699 domus
313 653 380 692 israhel
389 652 404 674 2⁵
410 653 439 692 At
448 654 480 691 illa
489 655 540 691 uenit

185 723 204 756 et
213 717 305 755 adorabat
314 731 357 756 eum
367 718 430 756 dicens
439 719 477 756 dire
486 717 556 756 adiuua

184 794 214 822 me
223 780 392 833 26quirespondens
400 780 427 822 ait
436 795 473 821 non
482 785 511 821 est
521 783 570 820 bonu
587 820 588 823 ,

185 858 258 885 sumere
266 858 334 896 panem
344 845 426 885 filiorum
435 851 454 884 et
464 847 537 884 mittere
545 859 568 885 ca

184 910 239 948 nibus
248 908 263 931 ²⁷
268 915 288 947 at
296 908 329 947 ilia
337 910 387 948 dixit
395 909 454 948 etiam
462 910 499 947 dne
509 905 552 947 na'm
562 912 581 946 et
589 920 611 947 ca

184 974 218 1012 tuli
228 974 287 1011 edunt
295 974 372 1012 demicis
381 986 429 1023 quae
438 973 509 1011 cadunt
518 975 584 1011 demen

185 1050 206 1076 sa
214 1036 332 1076 dominorum
342 1050 418 1075 suorum
426 1036 441 1059 2³
447 1042 491 1075 tunc
500 1049 574 1086 respon*

185 1102 231 1141 dens
239 1101 268 1140 ihs
277 1102 303 1141 ait
311 1100 338 1141 iili
348 1101 430 1141 omuiien
440 1114 508 1151 magna
518 1107 546 1139 est
555 1100 568 1139 fi
620 1145 622 1148 ¹

186 1167 219 1205 des
227 1171 260 1204 tua
269 1165 302 1204 fiat
311 1166 344 1205 tibi
353 1166 400 1204 sicut
409 1165 459 1204 tuuis
468 1172 488 1203 et
497 1171 562 1203 sanata

186 1237 215 1269 est
224 1229 263 1268 filia
272 1230 321 1268 illius
330 1229 387 1268 exilia
395 1230 442 1268 hora
474 1227 488 1281 J
495 1243 546 1267 mare
555 1243 579 1280 ga

186 1292 201 1315 ²⁹
207 1293 233 1332 Et
241 1306 284 1332 cum
294 1294 381 1332 transiret
390 1294 432 1332 inde
441 1293 470 1331 ihs
479 1293 531 1330 uenit
540 1304 592 1330 secus

187 1355 237 1395 tiliae
246 1363 265 1395 et
273 1357 375 1396 ascendens
385 1357 487 1395 inmontem
497 1357 575 1395 sedebat

187 1423 213 1461 ibi
222 1420 237 1443 ³⁰
243 1428 262 1461 et
271 1429 387 1461 accesserunt
396 1422 463 1459 adeum
473 1422 538 1458 turbae
547 1421 585 1459 mul

187 1492 218 1525 tae
227 1485 298 1524 habens
307 1498 369 1524 secum
379 1490 441 1524 mutos
450 1485 515 1523 cludos
524 1497 545 1523 ce

187 1562 219 1589 cos
228 1549 299 1589 debiles
308 1555 327 1589 et
336 1549 382 1588 alios
392 1548 461 1587 multos
471 1554 490 1586 et
499 1548 573 1599 proiece

188 1620 231 1651 runt
240 1627 272 1650 eos
281 1614 365 1664 adpedes
373 1614 414 1650 eius
422 1618 442 1650 et
450 1612 522 1650 curauit
531 1625 563 1650 eos

188 1676 203 1700 ³¹
211 1678 238 1717 ita
247 1684 268 1716 ut
277 1684 296 1716 et
304 1677 372 1716 turbae
381 1677 491 1715 mirarentur
501 1676 586 1715 uidentes

189 1748 251 1780 mutos
261 1743 344 1781 iocentes
353 1742 419 1780 crudos
428 1741 545 1779 ambulantes
554 1755 575 1780 ce

189 1818 221 1844 cos
229 1805 315 1844 uidentes
324 1811 343 1844 et
352 1804 499 1856 magnificabant
509 1805 540 1843 dm
550 1805 565 1843 is

191 1870 242 1910 rahel
250 1869 266 1892 ³2
272 1870 313 1909 IHs
322 1877 385 1909 autem
394 1872 502 1909 conuocatis
511 1870 539 1907 dis
733 1874 754 1908 71

98 2022 115 2042 22
126 2013 195 2043 cannania
207 2013 230 2042 sor
240 2012 326 2042 chananaea.
355 2023 404 2052 egresa
451 2014 536 2044 28n1uiien.
560 2013 579 2043 So
590 2014 633 2044 much
645 2013 661 2042 of
672 2013 757 2045 thenwns

79 2065 119 2101 qgar
128 2061 150 2091 tor
159 2071 218 2100 egressa.
248 2062 320 2091 misserere
329 2065 354 2100 gar
360 2062 377 2090 H>
383 2061 405 2091 for
432 2062 481 2094 erased
488 2071 503 2091 as
509 2065 524 2091 to
532 2065 585 2091 correct
591 2061 602 2090 ir
610 2065 625 2091 to
631 2070 649 2091 au
656 2070 669 2090 r.
679 2061 724 2092 There
731 2062 757 2092 isa

80 2110 150 2140 miserere.
179 2109 206 2140 filii
214 2109 405 2148 gatiPQRCTHAior
432 2109 647 2148 teudeneytomisralrerforn.
667 2110 757 2141 sicut÷tuu

79 2158 104 2187 iiii.
133 2157 316 2188 demoniaiordaemouio.
337 2157 404 2187 Somuch
453 2168 470 2198 ²9
479 2158 544 2187 transiret
553 2158 709 2189 berEfortrnusisset.
737 2159 757 2189 nt

80 2207 97 2237 os
102 2208 125 2239 the
132 2219 141 2238 a
147 2208 173 2237 has
181 2207 217 2237 been
223 2206 271 2236 erased
277 2216 293 2236 as
299 2210 315 2235 to
322 2205 363 2235 make
369 2205 381 2235 ir
387 2215 406 2235 au
433 2208 457 2237 the
461 2207 489 2237 end
496 2206 541 2236 nithe
547 2206 575 2236 line
581 2206 593 2236 is
599 2215 640 2236 secus
645 2206 680 2235 uirh
687 2216 695 2235 a
703 2208 758 2245 ‘carry-

80 2266 92 2293 ο,
99 2256 148 2295 giving
154 2255 221 2285 demonio
227 2250 284 2294 withffi
433 2256 461 2294 up’
469 2255 485 2284 oi
490 2264 528 2283 mare
534 2264 553 2293 ga
559 2259 574 2284 to
581 2255 660 2285 thevacant
666 2263 707 2293 space
714 2259 728 2285 at
734 2255 758 2285 the

100 2313 117 2343 ²3
130 2304 171 2334 After
189 2304 251 2338 uerbum,
274 2306 304 2333 —et
323 2301 406 2333 accedentes
434 2302 483 2334 endoi
488 2302 512 2332 the
519 2303 598 2332 lineaboue
605 2301 633 2331 and
640 2301 698 2333 iiiiaeis
705 2303 759 2333 carried

81 2352 193 2393 discipuiieius.
236 2351 294 2382 demitte
307 2351 373 2382 rosor
384 2350 406 2379 di·
434 2352 476 2381 down
486 2354 501 2381 to
511 2351 534 2381 the
547 2350 576 2380 line
589 2349 638 2381 below.
667 2350 724 2390 galitiae
737 2351 759 2382 for

81 2403 127 2431 mitte.
313 2404 315 2407 '
434 2399 509 2439 galilaeae.

100 2448 174 2478 &resumes
181 2448 213 2478 lrerr
220 2448 258 2487 nflm
264 2447 286 2477 tire
293 2448 335 2478 break
342 2452 357 2477 at
362 2456 377 2477 n.
385 2453 407 2476 12.
455 2455 473 2484 30
481 2446 561 2475 babensior
567 2445 637 2476 nubentes,
668 2445 718 2477 eludas
725 2446 759 2486 (and

102 2505 119 2534 ²4
128 2497 172 2527 misus
177 2497 202 2527 her
209 2497 222 2527 R
228 2496 250 2526 ior
255 2495 310 2526 missus⁴
435 2494 480 2532 in31')
487 2498 511 2532 gur
516 2494 537 2524 ior
542 2493 597 2524 clodos.
626 2495 706 2535 secernunt
711 2496 727 2524 in
734 2494 759 2534 31)

102 2553 108 2573 2
111 2552 119 2583 5
129 2544 197 2575 adorabat
203 2545 214 2575 cl
218 2544 245 2585 ffk
251 2544 264 2574 R
271 2543 293 2574 ior
299 2544 369 2574 adorauit.
437 2543 455 2574 W
461 2542 484 2572 sor
490 2553 545 2573 caecos.

103 2599 119 2631 ²7
130 2593 172 2623 cnuti
187 2595 205 2632 ff
214 2594 244 2623 lam
261 2596 286 2632 gat
303 2593 319 2622 ff
336 2591 370 2631 QR
386 2591 409 2621 tor
456 2591 574 2628 31—etaiterut.
593 2591 759 2631 locentesiorloquentes,

83 2640 136 2673 catelii.
455 2648 472 2677 52
483 2639 531 2670 Under
535 2639 559 2670 the
563 2639 646 2679 pagination
652 2639 684 2680 (71)
691 2640 708 2677 36
713 2640 760 2670 shows
