1598 2809
18 74 171 124 —Lunnx11.3o]
218 77 270 112 THE
282 77 371 114 CELTIC
383 77 486 114 GOSPELS

114 168 156 195 mea
165 161 184 195 et
193 157 264 196 maiora
273 156 340 196 faciam
349 163 368 196 et
378 157 421 196 illuc
430 170 523 209 congrega

114 221 139 260 bo
148 221 212 260 omnia
221 212 314 273 quaenata
323 228 367 260 sunt
374 221 419 260 mihi
428 229 447 262 et
456 225 506 262 bona

115 298 157 323 mea
166 286 216 324 fruar
224 285 239 308 22
246 292 265 325 et
274 287 335 324 dicam
344 287 417 325 animae
426 299 478 325 meae
487 288 549 325 anima

116 361 158 388 mea
166 349 224 388 habes
233 350 292 388 muita
301 350 351 389 bona
359 350 429 400 possita
437 357 444 388 ῑ
453 363 511 389 annos

115 412 206 462 plurimos
215 413 310 462 requiesce
319 414 397 452 comede
406 413 480 462 epulare
488 413 503 435 ²⁰
511 413 543 451 Dic

116 482 179 514 autem
188 475 216 514 illi
224 476 247 514 ds
255 474 312 514 stulte
321 476 356 514 hac
365 482 419 515 nocte
430 476 512 515 animam

115 546 168 580 tuam
177 546 264 591 repetunt
273 547 304 579 ate
312 553 361 591 quae
369 538 432 580 autem
442 554 512 593 praepa

115 605 160 643 rasti
169 605 221 643 cuius
230 611 284 643 erunt
292 603 343 644 ²1hic
351 612 379 644 est
388 606 420 655 qui
429 606 463 644 sibi
472 606 550 645 tessauri

116 674 147 708 zat
155 674 174 708 et
183 681 220 707 non
230 675 258 708 est
267 669 319 708 indm
329 669 381 709 diues
390 668 405 692 22
411 670 468 709 Dixit
476 683 513 720 que
522 670 550 709 dis

117 732 183 784 cipuiis
191 732 229 771 suis
238 732 281 771 ideo
290 733 332 771 dieo
340 733 394 771 uobis
403 734 460 772 nolite
469 733 543 772 solliciti

116 808 156 835 esse
165 798 239 835 animae
247 797 293 846 quid
302 798 417 836 manducetis
426 809 486 850 neque
495 810 552 849 corpo

116 861 131 899 ri
140 862 186 911 quid
195 861 301 901 uestiamini
310 861 325 884 ²³
333 863 396 901 anima
404 863 445 914 plus
454 868 482 901 est
491 867 528 913 qua

116 938 158 964 esca
167 930 186 964 et
195 938 262 975 corpus
271 938 327 975 quam
336 927 467 965 uestimentum
476 925 491 949 22
498 927 555 966 Consi

117 988 181 1026 derate
190 1001 256 1027 coruos
265 989 309 1040 quia
317 989 446 1028 nonseminant
455 1002 515 1041 neque

116 1058 190 1091 metunt
198 1054 266 1102 quibus
274 1065 312 1091 non
321 1059 349 1092 est
359 1054 454 1092 cellarium
463 1066 524 1104 neque

116 1115 203 1156 horreum
212 1122 231 1156 et
240 1117 262 1156 ds
270 1119 329 1169 pascit
338 1117 380 1157 illos
388 1124 459 1170 quanto
468 1131 499 1157 ma

117 1181 145 1231 gis
154 1181 216 1231 piures
224 1182 268 1221 estis
277 1182 313 1220 iliis
322 1181 337 1204 ²⁵
344 1182 390 1232 Quis
399 1189 462 1222 autem
471 1188 521 1222 uesti

117 1246 217 1294 cogitando
226 1251 289 1295 potest
298 1246 379 1284 adiecire
387 1247 411 1285 ad
420 1252 511 1285 staturam

116 1321 169 1347 suam
178 1309 263 1348 cubitum
272 1322 330 1348 unum
338 1308 353 1332 22
361 1310 376 1348 si
385 1322 429 1361 ergo
439 1322 500 1360 neque
508 1310 559 1361 quod

117 1373 215 1410 minimum
223 1379 251 1410 est
261 1374 339 1423 potestis
347 1374 392 1423 quid
402 1374 504 1411 deeaeteris
512 1374 540 1412 soi

117 1436 162 1474 liciti
171 1436 211 1474 sitis
220 1434 234 1460 22
242 1436 366 1476 Considerate
375 1435 413 1474 lilia
422 1436 462 1487 agri
470 1449 540 1486 quomo

117 1501 142 1540 do
151 1507 236 1540 crescunt
245 1501 369 1540 noniaborant
378 1513 437 1552 neque
446 1507 504 1540 neunt

117 1565 166 1605 Dico
175 1572 238 1605 autem
247 1566 301 1604 uobis
311 1578 345 1605 nec
354 1565 437 1604 salamon
446 1566 517 1605 inomni

116 1630 175 1680 gloria
184 1642 217 1667 sua
226 1629 353 1668 uestiaebatur
361 1629 409 1667 sicut
418 1641 475 1667 unum
484 1630 525 1668 exis

116 1694 140 1732 tis
149 1692 164 1714 aa
170 1694 186 1731 si
195 1700 257 1732 autem
267 1694 341 1732 foenum
353 1693 404 1743 quod
413 1693 470 1732 hodie
477 1694 542 1744 inagro

117 1761 145 1795 est
153 1762 172 1795 et
181 1769 220 1795 cras
229 1756 341 1795 inciibanum
351 1755 424 1794 mititur
432 1756 454 1794 ds
462 1756 488 1795 sic
497 1770 529 1795 ues

117 1821 139 1860 tit
148 1826 220 1871 quanto
230 1821 288 1871 magis
298 1833 332 1860 uos
342 1820 429 1871 pussiliae
438 1819 482 1859 fidei
490 1819 505 1842 22
513 1826 533 1860 et
542 1833 575 1861 uos

116 1885 174 1924 nolite
182 1898 260 1936 querere
268 1885 314 1935 quid
323 1885 439 1923 manducetis
447 1891 480 1924 aut
489 1886 534 1935 quid

116 1949 185 1988 bibetis
193 1956 213 1987 et
221 1949 279 1987 nolite
288 1948 387 1987 insublime
396 1947 437 1986 tolli
446 1947 512 1987 ³⁰haee
521 1949 571 1987 enim

39 2039 55 2068 18
69 2039 122 2070 ÷irnar
128 2040 163 2071 aiter
170 2040 207 2071 bona
213 2050 250 2071 mea.
390 2048 407 2078 25
417 2042 455 2070 nesti
462 2040 483 2070 iot
490 2043 555 2071 vestrum.
584 2039 644 2070 adiecire
650 2040 664 2070 R
670 2040 692 2071 ior

39 2095 55 2126 19
69 2095 115 2119 ÷mea
125 2089 160 2120 aiter
168 2089 221 2119 anima.
254 2089 308 2129 possita
317 2092 342 2128 gat
371 2088 435 2119 adiicere.

21 2133 167 2177 DEffRiorposita.
199 2138 259 2168 iiorin.
293 2138 343 2168 -bihe
390 2136 407 2167 26
417 2137 539 2168 caeterisD‘tPM
549 2136 571 2167 ior
580 2136 633 2168 ceteris.
661 2137 692 2168 sitis

21 2184 54 2213 aster
60 2186 118 2215 comede
125 2186 157 2216 ila
370 2185 392 2214 ior
399 2186 436 2215 estis.

39 2239 56 2259 ao
65 2234 89 2261 Dr
95 2234 117 2262 ior
123 2234 169 2262 Dixit.
198 2234 285 2272 praeparasti
292 2233 343 2262 arhen
390 2239 406 2270 ²7
421 2232 545 2270 ÷agriafteriilia
554 2232 692 2271 abceiruDQK

21 2276 53 2317 Aug
58 2280 88 2316 μΞ)
94 2280 116 2310 for
122 2280 178 2320 parasti.
370 2279 394 2308 W.
422 2284 464 2309 neunt
472 2278 579 2319 abdefffiqrn
587 2283 613 2318 gat
620 2279 646 2309 dur
654 2280 693 2309 codri

39 2335 54 2355 21
64 2328 88 2358 hic
98 2330 120 2359 sor
130 2330 154 2360 sic.
183 2330 264 2360 tessaurizat
277 2330 343 2359 DRior
369 2328 435 2358 fornent
458 2328 692 2366 salamonugatDRXiorSalo·

20 2373 107 2407 thesaurizat.
369 2385 408 2405 mon.
436 2376 529 2406 uestiaebatur
536 2376 558 2405 for
564 2375 653 2407 vestiebatur.

39 2431 55 2452 22
65 2424 137 2464 discipulis
141 2425 170 2455 suis
174 2425 196 2455 ior
201 2425 219 2455 ad
223 2424 300 2463 discipulos
305 2435 342 2454 suos.
388 2424 405 2453 28
415 2424 464 2462 inagro
470 2428 491 2453 est
498 2423 519 2461 bf
521 2423 551 2463 iqlr
556 2423 581 2453 VO
588 2424 609 2453 for
615 2434 628 2454 e.
633 2424 642 2454 i.
647 2435 661 2456 a.

49 2477 118 2503 -nestrae
125 2474 161 2503 aiter
167 2474 222 2503 animae
229 2473 276 2512 bdffq
281 2473 310 2502 VO.
369 2472 422 2501 mititur
429 2471 451 2501 ior
456 2472 521 2501 mittitur.
547 2471 614 2511 pussillae
619 2472 641 2502 ior
647 2473 692 2512 pusii·

20 2518 342 2561 uestiaminieffrgatirEVOiorinduamini.
368 2520 396 2550 lae.
668 2514 670 2517 ’

40 2575 55 2602 ²5
68 2569 116 2607 -plus
122 2570 158 2598 aster
164 2579 220 2608 eorpus,
388 2576 405 2607 ²9
415 2577 471 2607 querere
471 2568 517 2605 ffuR
523 2568 544 2596 sor
549 2576 619 2607 quaerere,
640 2570 692 2600 bibetis

30 2622 56 2689 125}
68 2625 110 2647 —vos
119 2617 154 2648 aiter
163 2618 210 2657 magis
218 2617 235 2649 E.
265 2617 312 2658 piures
320 2618 342 2647 ior
369 2615 510 2648 enarrationis.

20 2667 66 2697 prus.
107 2681 109 2686 ν
