1598 2809
105 91 127 126 80
307 90 360 126 THE
372 89 460 128 CELTIC
473 90 576 128 GOSPELS
597 90 780 141 [MATT.Xxl]1.37-

216 170 298 223 profetas
307 176 326 212 et
335 170 407 223 lapidas
416 185 447 212 eos
456 173 488 224 qui
497 172 540 212 adte
549 173 600 212 missi

216 242 259 273 sunt
268 237 355 284 quotiens
364 237 414 274 uolui
423 248 536 286 congregare
545 236 593 274 filios

216 303 259 337 tuos
268 311 324 348 quem
333 300 434 338 admodum
444 299 513 349 gallina
522 311 590 349 congre

216 369 248 411 gat
258 362 319 412 pullos
328 375 371 401 suos
379 362 453 401 subalas
462 375 505 401 suas
515 369 533 401 et
542 364 587 402 nolu

217 426 248 464 isti
257 425 320 465 38eece
330 427 444 478 relinquetur
452 427 506 466 uobis
515 428 583 466 domus
592 441 623 466 ues

217 496 247 529 tra
255 491 329 530 deserta
337 490 352 514 ³⁹
358 491 401 530 dico
409 492 458 530 enim
470 491 523 530 uobis
532 504 592 530 nonne
601 493 619 530 ui

217 555 286 593 debitis
294 556 364 594 amodo
373 557 432 594 donec
441 556 506 594 dicatis
515 557 624 594 benedictus

216 620 248 666 qui
257 619 308 656 uenit
317 619 412 656 innomine
421 619 453 656 dni
488 617 527 655 ¹Et
535 631 619 668 egressus

218 681 247 719 ihs
256 681 351 731 detemplo
360 682 399 721 ibat
409 689 427 721 et
436 688 553 722 accesserunt
562 683 607 722 disci

218 744 256 794 puli
265 746 304 784 eius
314 751 334 783 ut
343 746 462 785 ostenderent
471 746 488 785 ei
497 746 601 785 aedificatio

218 821 250 846 nes
259 809 324 859 templi
333 808 383 859 ²ipse
392 816 455 848 antem
465 811 579 860 respondens
588 811 622 849 dix

218 873 233 910 it
242 873 277 909 illis
286 873 355 911 uidetis
363 874 410 911 hoec
419 875 482 912 omnia
491 887 546 911 amen
556 875 597 913 dico

218 935 271 973 uobis
280 935 432 985 nonrelinquetnr
441 937 471 974 hic
480 937 526 985 lapIs
535 950 591 987 super

218 998 299 1049 lapidem
308 999 385 1050 quinon
393 1001 496 1038 distruatur
527 999 540 1053 J
546 1001 584 1039 ueti

218 1061 314 1101 ³Sedente
322 1069 386 1101 autem
395 1063 427 1101 illo
436 1076 491 1114 snper
500 1069 584 1102 montem
594 1064 620 1103 oli

219 1131 336 1165 accesserunt
345 1127 412 1165 adeum
422 1127 507 1179 discipuli
517 1140 567 1166 secre

218 1197 239 1229 to
248 1191 332 1229 dicentes
340 1192 370 1229 dic
379 1191 432 1229 nobis
441 1192 517 1241 quondo
526 1192 572 1231 haee
581 1199 635 1232 erunt

219 1260 237 1293 et
245 1256 296 1305 quod
305 1256 379 1305 signum
390 1256 482 1295 aduentus
491 1255 518 1294 tui
527 1262 546 1295 et
555 1268 632 1295 consum

219 1320 307 1356 motionis
316 1319 384 1356 saeculi
392 1318 424 1357 4et
433 1320 548 1369 respondens
556 1320 585 1356 ihs

221 1382 271 1420 dixit
280 1383 305 1420 eis
314 1383 376 1420 uidete
384 1395 407 1419 ne
417 1383 457 1432 quis
466 1396 500 1420 uos
509 1369 586 1420 seducar

217 1444 286 1483 ⁵multi
293 1447 343 1483 enim
351 1446 425 1482 uenient
434 1446 529 1483 innomine
538 1458 581 1483 meo
590 1446 609 1483 di

219 1514 281 1547 centes
291 1521 326 1559 ego
335 1514 414 1559 sumxps
423 1514 442 1547 et
451 1509 521 1547 multos
530 1510 618 1548 seducent

220 1571 312 1611 “audituri
321 1579 384 1612 autem
394 1574 438 1612 estis
447 1573 518 1623 proelio
527 1579 546 1611 et
555 1574 618 1623 opinio

223 1649 256 1674 nes
265 1637 379 1686 proeliorum
388 1638 450 1675 uidete
459 1638 582 1677 neturbemini
591 1651 616 1688 op

220 1705 268 1739 ortet
279 1701 328 1739 enim
337 1701 384 1739 haec
393 1701 432 1739 fieri
440 1702 472 1739 sed
482 1701 565 1739 nondum
575 1707 603 1739 est
612 1702 625 1739 fi

219 1763 247 1801 nis
256 1762 368 1813 lconsurget
377 1765 473 1814 enimgens
482 1765 577 1813 ingentem
586 1771 605 1803 et
616 1777 649 1814 reg

219 1840 264 1864 num
274 1828 369 1878 inregnum
378 1834 398 1866 et
406 1834 461 1866 erunt
470 1828 586 1878 pestilentiae
595 1834 614 1866 et

219 1890 277 1929 fames
286 1897 304 1929 et
313 1898 372 1930 terrae
381 1898 444 1931 motus
452 1892 526 1942 perloca
535 1890 593 1930 ⁸haec
602 1892 619 1929 h„

221 1956 283 1992 omnia
292 1955 344 1993 initia
352 1961 395 1994 sunt
404 1956 490 1993 dolorum
525 1955 591 1995 ⁹Tunc
600 1961 629 1993 tra

221 2018 267 2056 dent
276 2031 309 2056 nos
319 2018 476 2057 intribulntionem
485 2025 503 2057 et
512 2019 598 2058 occident

221 2095 255 2121 uos
264 2089 282 2121 et
292 2082 342 2121 eritis
351 2083 436 2122 omnibus
445 2082 530 2133 gentibus
539 2089 616 2134 propter

220 2159 287 2185 nomen
297 2159 358 2185 meum
368 2145 383 2168 ¹⁰
389 2148 442 2186 Tunc
451 2146 609 2187 scandalizabunt'

220 2209 274 2247 multi
284 2216 302 2247 et
311 2209 391 2247 inuicem
401 2212 475 2249 tradent
484 2215 502 2248 et
511 2210 555 2249 odio
564 2210 612 2248 habe

128 2290 144 2324 37
155 2284 216 2323 profetas
223 2284 296 2322 oeqrher
302 2284 324 2313 ior
330 2283 411 2322 prophetas.
460 2284 479 2313 W
485 2283 497 2313 C
502 2283 531 2312 ΤΒ
537 2284 559 2313 ior
565 2284 589 2313 eis.
614 2283 690 2313 distruatur
696 2292 721 2322 effi
727 2293 742 2323 r2
747 2283 761 2312 D
767 2284 783 2312 Ξ)

109 2332 139 2362 alus
158 2339 206 2362 ÷snas
224 2330 389 2370 abcddcgllqrfflffi
407 2331 440 2373 her
460 2331 633 2369 hergntiordestruatur.

109 2381 169 2411 Faustus
176 2380 192 2409 of
200 2379 234 2409 Rlez
244 2379 276 2418 Cyp
283 2379 328 2408 rlmbr
335 2378 368 2417 Aug
375 2379 389 2408 D
396 2379 409 2408 E
415 2379 432 2408 n)
480 2388 488 2417 3
495 2378 521 2408 illo
527 2378 549 2409 for
555 2388 577 2409 eo.
600 2379 696 2409 utineruntis
704 2377 718 2409 in
724 2379 784 2419 ligature

110 2428 207 2468 HQTtodd.
227 2432 252 2466 gat
262 2434 322 2458 correers
332 2427 368 2457 halis
378 2428 406 2457 suis
416 2433 432 2457 to
461 2428 589 2471 withtsulgscriptr

108 2478 192 2507 halassnas.
480 2475 546 2505 dautem
572 2475 740 2515 nbcsqherDTHOZ
762 2476 785 2506 for

128 2526 145 2563 38
155 2523 432 2564 relinqueturceffflgwlzqmlrengnt
460 2524 502 2554 enlm.

109 2574 123 2603 D
128 2574 140 2603 E
145 2574 159 2612 Q
164 2573 176 2602 R
181 2573 193 2602 C
198 2572 231 2602 Bw
236 2572 247 2601 Z
253 2573 290 2602 eorld
295 2583 313 2611 vg
319 2571 340 2601 for
344 2572 431 2612 relinquitur.
480 2582 489 2612 9
498 2582 525 2602 nos
531 2572 552 2602 for
558 2581 589 2602 uos.
621 2573 670 2603 -odio
675 2573 711 2603 after
718 2573 761 2603 eritis.

128 2632 146 2661 39
155 2631 201 2651 nonne
208 2621 263 2651 tornon
270 2631 297 2651 me.
480 2629 497 2650 10
509 2626 540 2651 -et
550 2621 562 2650 F
573 2621 619 2651 before
629 2627 667 2652 tunc.
697 2621 784 2652 scandaliza-

127 2669 178 2700 XXIV
189 2678 196 2698 2
207 2668 432 2708 illisubcffltrlughergntER
461 2668 499 2699 bunt¹
507 2669 528 2698 sor
534 2670 671 2700 scandalizabuntur.
