1598 2809
224 105 226 107 ¹
258 92 310 128 THE
323 92 411 150 CELTIC
424 91 528 129 GOSPELS
586 89 735 142 [Mmuuzh-
793 85 794 88 '

168 172 236 211 simum
245 174 370 223 quadrantem
375 172 389 225 l
395 174 550 212 nonmecheberis
575 171 580 224 J

169 234 183 260 ²⁷
189 235 277 274 Audistis
285 237 330 285 quia
339 237 411 275 dietum
421 241 449 273 est
458 236 541 285 antiquis

169 295 184 321 ³³
190 310 226 348 ego
234 305 298 338 autem
308 299 404 338 dicouohis
412 300 456 350 quia
465 301 526 338 omnis
536 299 567 348 qui

170 362 238 402 uiderit
247 363 344 403 mulierem
353 363 549 413 adconcupiscendum

170 438 212 465 eam
220 426 258 465 iam
267 428 363 466 mechatus
371 434 400 466 est
408 427 483 467 incorde
491 440 525 466 sno
534 427 606 478 ²³quod

171 490 186 529 si
195 491 260 530 oculus
270 497 314 530 tuus
323 493 389 530 dexter
398 491 512 530 scandalizat
521 498 540 531 te

172 567 216 594 erue
225 566 268 594 eum
276 561 295 594 et
304 555 367 606 proice
375 556 429 595 abste
466 556 543 606 expedit
552 555 602 594 enim

172 618 207 658 tibi
217 625 238 658 ut
246 614 310 671 pereat
319 633 355 659 una
364 632 407 670 pars
416 620 542 659 membrorum

173 689 249 722 tuorum
258 696 314 732 quam
323 690 384 721 totum
393 696 459 733 corpus
468 690 521 721 tuum

175 746 260 784 mittetur
269 746 394 798 ingehennam
404 746 419 769 ³³
426 754 445 787 et
454 748 469 785 si
478 748 557 786 dextera
566 758 597 785 ma

175 822 210 849 nus
218 815 251 848 tua
260 810 395 849 scandalizante
403 811 478 849 abscide
487 823 528 849 eam

175 879 194 912 et
203 872 265 923 proice
274 873 327 913 abste
335 874 414 926 expedit
422 874 472 913 enim
481 874 515 914 tibi
525 880 570 925 utpe

177 943 216 975 reat
224 949 282 974 unum
292 938 420 975 membrorum
431 942 545 988 tuorumque

137 1033 139 1035 .
177 1005 237 1040 totum
247 1012 315 1050 corpus
323 1006 376 1040 tuum
386 1006 417 1040 eat
426 1000 550 1052 ingehennam

177 1062 191 1087 ³¹
197 1063 269 1102 dictum
278 1069 306 1102 est
315 1071 379 1103 sutem
388 1065 501 1115 quicumque
511 1065 577 1104 dimise

178 1128 202 1182 rit
210 1141 310 1167 uxorerem
319 1141 372 1166 suam
382 1130 414 1167 det
423 1128 450 1166 ilii
459 1129 529 1168 beilum
538 1142 596 1180 repua

179 1192 198 1230 di
207 1190 223 1214 ³³
229 1204 264 1240 ego
273 1197 336 1231 nutem
345 1192 387 1231 dico
396 1192 450 1231 uobis
459 1194 502 1244 quia
511 1194 572 1232 omnis
581 1193 613 1244 qui

179 1255 271 1295 dimiserit
280 1268 358 1295 uxorem
367 1268 421 1294 suam
430 1264 511 1307 excepta
520 1257 567 1296 sorni

179 1320 257 1358 cationis
265 1332 322 1357 cause
330 1320 373 1358 iacit
382 1332 422 1358 eam
433 1321 514 1359 nreehari
524 1327 543 1360 et

180 1383 306 1434 quidemissm
314 1385 390 1422 duxerit
398 1384 490 1422 adulterat
498 1384 513 1406 ³³
519 1385 587 1422 iterum

182 1446 260 1484 audistis
270 1447 314 1496 quia
322 1446 394 1485 dictum
403 1453 431 1486 est
440 1447 521 1497 antiquis
530 1461 567 1486 non

183 1510 286 1561 periurabis
296 1510 362 1550 reddes
371 1517 434 1550 autem
444 1512 483 1550 dno
492 1512 532 1550 iure

182 1581 245 1614 menta
254 1580 286 1614 tua
295 1573 310 1598 ³³
317 1574 359 1625 Ego
369 1579 433 1614 autem
442 1576 484 1614 dico
493 1578 547 1614 uobis
556 1588 593 1616 non

184 1640 244 1677 iurare
253 1639 330 1678 omnino
339 1652 400 1690 neque
408 1640 515 1689 perceeium
524 1640 568 1690 quie

185 1704 273 1741 thronum
283 1704 303 1740 di
311 1709 340 1741 est
348 1701 430 1752 ³³neque
439 1709 541 1753 perreriam
551 1703 596 1753 quia

185 1765 286 1805 scabeilum
296 1771 324 1804 est
333 1766 415 1815 peduum
424 1767 463 1805 eius
472 1780 534 1816 neque
543 1780 576 1817 per

187 1829 325 1869 hierusolimam
335 1830 379 1881 quia
388 1830 454 1870 ciuitas
463 1837 491 1870 est
501 1832 564 1882 magni

135 1915 137 1920 ›
187 1894 235 1944 regis
244 1892 259 1916 ³³
266 1906 327 1944 neque
335 1896 429 1944 percapud
439 1903 492 1934 tuum
501 1895 591 1934 iuraueris

96 1999 113 2032 27
123 1992 210 2022 mechaberis
221 1991 246 2021 her
255 1991 285 2021 iam
295 1992 368 2031 DQRW
378 1993 399 2032 (ν2
448 1993 647 2031 31urorerem‚ahnehas
659 1966 753 2029 beehdraun
772 2033 774 2036 y

77 2040 170 2077 meehnveris)
178 2040 199 2070 ior
206 2039 306 2069 moechaberis.
428 2042 489 2080 through
498 2041 522 2071 the
531 2042 562 2071 first
572 2051 592 2077 re,
603 2050 621 2070 an
631 2039 691 2071 unnsnni
698 2049 729 2078 way
739 2039 755 2069 oi

97 2088 114 2117 28
123 2086 235 2127 quiefffllrlrm
242 2087 276 2126 Aug
284 2097 300 2127 7¹2
306 2087 371 2117 deerium
376 2090 401 2125 gut
430 2089 508 2127 eoneeting
514 2090 528 2119 in
534 2090 562 2119 this
567 2084 604 2126 us,
608 2089 666 2127 making
673 2088 684 2117 it
691 2097 754 2117 uxorem.

79 2136 240 2175 DERiorqnoniuru.
270 2135 342 2165 mechatus
352 2144 366 2173 r²
376 2135 401 2164 dur
442 2135 596 2167 bellumioriibeiium.
622 2134 755 2175 repuadi.hsmail

78 2183 229 2214 unumunurm
238 2182 324 2212 moechatus.
355 2192 402 2212 -eum
431 2184 471 2213 iuras
477 2184 538 2214 inserted
545 2185 567 2214 ior
574 2184 597 2214 the
604 2187 636 2222 stop
641 2192 657 2213 as
663 2193 672 2213 u
678 2182 755 2213 correction
767 2200 768 2204 =

79 2232 121 2271 (ses.)
129 2233 158 2262 hun
166 2234 184 2262 D.
431 2237 447 2261 io
453 2232 509 2270 repudii
515 2231 570 2269 though
576 2232 616 2261 there
625 2231 686 2261 remeius
692 2240 701 2259 a
707 2239 756 2269 snper-

99 2289 116 2319 ²9
125 2280 198 2319 Herefhrd
202 2280 215 2310 r's
221 2279 324 2318 irrissiugfiuru
329 2279 404 2318 qrrodriin
432 2278 478 2308 fluens
484 2288 498 2308 u,

80 2327 109 2357 tlris
115 2337 153 2358 nerse
163 2333 176 2358 ru
183 2328 201 2358 vi.
213 2327 255 2356 snit
263 2328 301 2356 euim
307 2331 353 2366 pater.
375 2326 403 2356 The
452 2336 469 2365 3²
479 2325 756 2357 mecharihiamDRWiormneehari.

81 2375 112 2414 (ruf
116 2375 165 2418 clentis
172 2374 269 2413 nrirsr'rrghere
273 2375 306 2404 ruzil
310 2375 325 2404 be
327 2374 405 2414 fauudmrt
461 2375 529 2404 demisam
537 2375 566 2404 um
574 2375 586 2404 E
592 2375 614 2404 ior
620 2374 697 2405 dimissum.

81 2423 142 2462 ufplace
149 2424 227 2463 fhllowing
234 2423 258 2452 tte
267 2424 313 2452 words
322 2427 335 2453 et
344 2422 379 2461 offer
387 2422 405 2451 iu
453 2430 470 2458 33
481 2422 558 2460 periurabis
571 2421 635 2461 idsffti
648 2422 680 2452 Iren
693 2421 720 2451 Hii
732 2426 758 2460 gat

81 2471 111 2500 viii.
118 2481 127 2509 4
133 2473 163 2502 aud
168 2473 231 2502 contains
237 2471 260 2500 tue
267 2470 339 2507 {mifrans
346 2481 359 2500 v.
368 2469 385 2499 26
392 2474 405 2499 lo
434 2469 493 2498 semu
498 2470 544 2508 EQR
549 2470 561 2499 C
566 2469 579 2498 T
584 2470 600 2499 W
607 2469 640 2499 ur
647 2469 668 2499 for
674 2470 748 2510 peierabis.

82 2520 101 2549 vi.
109 2520 117 2548 8
124 2520 206 2550 adsimilare
212 2520 236 2549 rr's.
454 2526 472 2558 34
481 2517 547 2548 thronum
553 2517 575 2548 ior
581 2516 643 2549 thronus.

69 2582 70 2585 ¹
101 2578 168 2608 unapars
175 2570 198 2609 (h)
206 2567 405 2607 memhrornmmquherD
455 2566 683 2605 35peduun1QRYiurpedum.
700 2566 759 2599 ,hieru-

82 2615 104 2645 ior
111 2625 153 2645 unnrn
160 2617 258 2645 membrorum.
435 2614 502 2643 solimani
511 2612 550 2651 [hen
557 2612 654 2651 Hierusalem)
662 2614 674 2643 E
681 2613 697 2643 ff
705 2619 730 2652 get
737 2614 759 2643 for

102 2673 117 2702 re
124 2662 137 2692 ir
143 2663 244 2703 ruissrfngfiuru
252 2672 264 2694 u
274 2672 291 2702 30
297 2667 311 2694 lo
317 2662 347 2694 xiii.
355 2669 368 2702 7.
435 2661 550 2700 hierosolymum.
576 2659 593 2699 3⁶
599 2661 664 2701 capudQ
669 2662 759 2703 Rforeaprn,
