1598 2809
117 85 148 108 212
319 73 371 108 THE
383 71 472 109 CELTIC
483 71 588 107 GOSPELS
645 68 737 119 [Lunam.
747 71 791 117 38-

209 159 267 197 ,zatus
275 159 324 193 esset
333 160 377 193 ante
386 153 485 205 prandium
494 151 509 175 44
515 152 541 192 Et
550 152 576 192 ait
585 153 621 192 diis
630 153 653 191 ad

215 218 267 256 illum
277 218 332 256 Nunc
342 231 376 256 uos
384 217 454 256 larissei
462 217 513 267 quod
522 217 591 255 deforis
600 222 629 254 est

215 281 276 320 calicis
285 286 304 319 et
313 282 369 320 catini
379 282 473 320 mundatis
482 281 531 330 quod
541 286 604 318 autem
613 280 632 318 in

215 351 247 384 tus
255 350 283 384 est
292 352 375 384 uestrum
384 346 459 395 plenum
471 351 499 382 est
508 345 571 393 rapina
581 350 599 382 et
608 345 627 381 in

216 407 295 459 iquitate
303 407 320 430 44
326 407 385 447 Stulti
392 420 454 447 nonne
463 408 496 457 qui
504 408 548 447 iecit
556 408 608 457 quod

216 472 285 512 deforis
294 477 322 511 est
330 472 387 511 etiam
397 472 416 511 id
425 472 475 523 quod
484 472 559 512 deintus
568 477 596 510 est

217 536 261 575 fecit
269 535 285 557 44
293 548 358 574 uerum
366 543 429 574 tamen
439 536 489 586 quod
499 548 554 586 snper
563 540 591 573 est

217 601 261 639 date
270 599 406 640 aelimoisinarn
416 605 435 639 et
444 613 486 640 ecce
494 601 557 639 omnia
566 600 638 638 munda

217 669 259 702 sunt
268 665 322 702 uobis
330 662 346 685 44
353 663 391 702 Sed
401 664 489 702 uaeuobis
498 664 587 713 pharissei
597 664 628 712 qui

217 726 314 764 decimatis
323 732 407 764 mentam
416 730 435 763 et
442 732 503 764 rutam
512 731 532 763 et
540 739 596 763 omne

216 789 271 827 holus
280 795 299 828 et
308 790 414 840 praeteritis
423 790 512 839 iudicium
522 796 541 829 et
549 789 626 829 caritate

218 856 237 893 di
246 855 292 893 haec
302 860 365 892 aurem
375 853 459 904 oportuit
468 854 529 893 iacere
538 859 557 892 et
567 853 598 891 illa
607 866 645 892 non

217 919 302 957 amittere
337 916 353 939 44
360 917 403 957 Uae
411 918 465 956 uobis
473 918 564 968 pharissei
573 917 605 968 qui
614 917 666 969 diligi

218 983 242 1020 tis
251 983 320 1032 primas
329 982 427 1020 cathedras
437 982 550 1030 insinagogis
560 988 578 1017 et
587 994 608 1019 sa

218 1045 318 1084 lutationes
327 1044 387 1084 inioro
422 1043 439 1066 44
447 1044 489 1084 Uae
498 1045 552 1083 uobis
561 1045 592 1094 qui
602 1045 646 1083 estis

218 1115 362 1148 utmonumema
370 1122 419 1160 quae
428 1122 465 1147 non
474 1115 540 1160 parent
550 1115 569 1148 et
578 1109 603 1147 ho

219 1175 277 1212 mines
286 1174 404 1212 ambulantes
413 1187 469 1224 supra
479 1172 510 1211 illa
519 1172 604 1211 nesciunt

219 1236 233 1259 45
240 1238 363 1287 Respondens
371 1243 434 1275 autem
444 1237 520 1286 quidam
529 1237 600 1287 exlegis
609 1237 648 1287 peri

220 1301 244 1339 tis
253 1302 279 1338 ait
290 1300 315 1338 illi
326 1301 414 1350 magister
422 1301 469 1339 haec
478 1302 542 1338 dicens
550 1300 607 1338 etiam

219 1364 274 1403 nobis
283 1364 411 1403 contumiliam
419 1364 464 1402 facis
473 1362 488 1387 44
495 1369 515 1401 at
524 1363 556 1401 ille
564 1364 590 1401 ait
600 1368 619 1401 et

220 1428 274 1467 uobis
283 1428 329 1479 legis
337 1428 403 1479 peritis
412 1441 447 1467 uae
456 1428 487 1478 qui
497 1426 578 1466 oneratis
587 1428 639 1466 homi

220 1505 252 1531 nes
261 1493 347 1530 oneribus
356 1505 405 1541 quae
414 1492 484 1541 portari
493 1503 531 1529 non
540 1498 619 1541 possunt

220 1562 239 1593 et
247 1555 283 1605 ipsi
292 1567 330 1593 uno
339 1556 399 1605 digito
408 1562 471 1594 uestro
480 1567 517 1592 non
526 1554 603 1604 tangitis
611 1567 641 1593 sar

220 1621 270 1659 cinas
278 1618 294 1642 4⁷
301 1619 343 1659 Uae
352 1619 405 1658 uobis
414 1620 459 1668 quia
467 1617 570 1656 aedificatis
579 1630 679 1656 monumen

220 1688 240 1722 ta
248 1684 364 1734 profetarum
373 1689 436 1733 patres
447 1687 511 1720 autem
520 1682 576 1719 uestri

221 1747 328 1786 occiderunt
339 1747 381 1785 illos
389 1745 496 1785 48Proiecto
506 1744 630 1784 testificamini

221 1812 273 1859 quod
283 1812 392 1848 consentitis
401 1811 489 1860 operibus
497 1815 572 1859 patrum
582 1817 645 1847 uestro

221 1886 261 1911 rum
271 1875 358 1923 quoniam
367 1874 443 1924 quidem
452 1873 520 1923 ipsieos
530 1872 639 1912 occiderunt

177 1932 178 1935 ¹
222 1936 263 1976 Uos
272 1943 336 1975 autern
345 1937 449 1975 aedificatis
458 1950 523 1975 eorum
533 1936 632 1986 sepulchra

221 1999 236 2022 44
244 2001 323 2050 Propter
332 2014 355 2038 ea
363 2000 454 2050 sapientia
463 2000 512 2038 dixit
522 2000 541 2038 di
550 2000 624 2039 mittam

142 2083 159 2115 39
169 2074 224 2105 larissei
230 2075 264 2112 er
272 2074 294 2104 sor
300 2073 376 2104 Pharisaei.
480 2073 521 2105 ÷illa
527 2075 563 2104 aiter
569 2085 612 2113 supra
618 2074 729 2112 leffilaDR.

141 2132 158 2161 41
170 2122 272 2152 aelimoisinam
279 2123 302 2152 ior
308 2122 417 2159 eleemosynam.
491 2121 510 2161 ff
515 2122 541 2151 lans
550 2122 576 2151 lost
585 2122 634 2160 aleas
640 2122 672 2151 aare
681 2123 711 2152 and
719 2122 732 2153 is
742 2122 798 2158 missin

142 2180 158 2208 44
169 2170 238 2208 pharissei
244 2170 266 2199 ior
273 2169 356 2198 Pharisaeis.
386 2170 410 2206 qui
416 2170 434 2197 dc
435 2169 452 2206 ff
477 2170 502 2198 till
507 2171 531 2198 xii.
539 2171 552 2198 6.

123 2219 160 2257 ilqr
166 2217 200 2256 Aug
206 2228 235 2253 7212
240 2218 270 2246 dim
275 2216 379 2246 DEMTVW
384 2216 406 2245 sor
411 2218 448 2256 quia.
496 2226 514 2257 45
524 2217 564 2247 nohis
569 2218 666 2249 eontumiliarn
673 2218 746 2250 sacisOrd.
751 2218 791 2258 absi

152 2270 214 2296 mentam
224 2266 245 2295 ab
250 2266 315 2305 rsffqr1
320 2285 326 2302 4
330 2266 353 2301 μὴ
360 2270 385 2304 gat
394 2264 419 2294 VO
428 2265 450 2294 ior
478 2270 503 2304 gat
509 2264 534 2294 VO
540 2265 562 2295 ior
569 2267 671 2296 contumeliam
677 2277 691 2296 n.
697 2268 707 2297 i.

124 2315 200 2345 mentham.
225 2314 267 2344 holus
272 2314 305 2352 dsq
311 2312 362 2352 arni
369 2318 394 2351 gat
399 2312 423 2341 VO
428 2313 450 2342 iot
497 2314 516 2352 46
525 2314 550 2353 qui
556 2315 577 2343 sor
583 2314 621 2353 quia.
649 2315 717 2354 pertarid
715 2315 738 2354 si
743 2320 768 2354 gat
774 2314 784 2345 Ιι
794 2316 799 2340 l

124 2364 161 2393 olus.
190 2361 386 2402 earitatemadfffqr12nlz
394 2365 419 2401 gat
425 2360 450 2391 VO
479 2363 501 2392 ior
508 2366 567 2401 portare.

124 2412 146 2442 ior
152 2411 240 2441 charitatem.
270 2411 334 2441 amittere
340 2410 362 2440 lor
368 2409 437 2440 omittere.
498 2416 515 2449 47
526 2411 559 2449 qnia
565 2411 586 2440 ior
591 2411 619 2451 qni.
646 2412 733 2451 profetarum
739 2413 760 2443 dc
765 2422 788 2452 qr

144 2468 162 2497 43
172 2458 240 2498 pharlssei
249 2462 274 2497 gat
280 2460 294 2487 R
300 2459 322 2487 ior
331 2459 412 2488 Pharisaeis.
479 2458 493 2487 D
498 2458 514 2487 ΞΡ
519 2458 532 2488 O
538 2459 551 2487 R
557 2459 579 2488 ior
585 2459 692 2498 Prophetarum.

125 2507 197 2545 sinagogis
203 2518 213 2543 μ
219 2511 245 2544 gat
254 2507 283 2535 dim
293 2515 308 2543 ν2
313 2506 369 2535 E'tPW
377 2508 400 2535 ior
409 2514 450 2544 syna·
498 2506 516 2545 48
526 2505 583 2546 quidem
589 2506 617 2546 ipsi
623 2518 633 2543 μ
639 2512 664 2546 gat
671 2507 696 2539 VO
702 2508 724 2539 ior
730 2508 739 2539 i.
745 2517 759 2549 q.

125 2555 171 2596 gogls.
498 2565 516 2594 49
529 2556 693 2597 -erbeloresapientia
720 2557 796 2589 diritdllo

144 2612 164 2642 44
172 2603 196 2641 qni
207 2603 241 2641 a2D
246 2603 276 2632 El(
281 2604 295 2632 R
300 2604 334 2633 WZ
346 2604 368 2633 ior
378 2605 415 2643 quia.
479 2603 507 2633 Del
512 2603 552 2634 dixit

126 2655 175 2691 parent
182 2650 200 2680 bc
199 2651 235 2690 sffl
238 2661 247 2680 r
252 2656 277 2689 gat
283 2651 308 2681 VO
314 2652 336 2682 ior
342 2656 414 2690 apparent.
