1598 2809
23 51 157 103 turanum]
203 54 355 92 nuncnunc
368 55 471 92 nosnuns
524 61 525 64 ¹
630 33 672 103 ¹239

99 136 144 175 dens
153 135 282 174 inhirusoiima
288 134 334 173 :-²⁹
341 136 368 174 Et
376 136 446 175 iactum
456 144 484 175 est

98 211 141 237 cum
148 199 318 249 adpropinquasset
326 199 415 249 bethsage
424 206 443 239 et
452 201 509 239 betha

99 263 131 302 nia
139 262 248 301 admontem
257 263 290 313 qui
298 267 376 302 uocatur·
385 262 449 302 olineti
458 264 484 302 mi

78 336 80 341 ¹
99 328 124 366 sit
130 327 177 365 duos
186 327 288 377 discipulos
297 339 340 365 suos
349 325 364 348 ³⁰
371 328 434 367 dicens
443 329 468 366 ite
477 329 526 367 incas

100 390 166 429 tellum
176 392 227 440 quod
236 397 301 430 contra
310 396 339 428 est
348 390 366 428 in
375 393 426 440 qnod
434 393 484 429 intro

101 461 166 495 euntes
175 455 271 494 inuenietis
280 455 353 494 assinae
363 454 434 504 pullum
443 455 475 495 alli

101 522 166 567 gatum
176 519 205 555 cui
214 529 269 555 nemo
278 529 367 566 umquam
377 518 473 556 hominum

102 581 150 621 sedit
159 580 226 620 soluite
235 580 287 620 illum
296 586 315 619 et
326 581 413 621 adducite
422 580 437 603 ³¹
443 587 462 621 et
470 583 486 621 si
494 584 535 634 quis

102 658 136 684 uos
145 645 287 695 interrogarent
296 657 353 694 qnare
362 645 434 685 soluitis
443 647 469 684 sie

103 709 167 749 dicetis
175 710 191 748 ei
201 710 252 759 quod
261 710 297 748 dns
306 722 382 759 operam
391 711 430 749 eius
439 711 531 750 desiderat

103 772 118 796 aa
124 772 218 810 Abierunt
227 778 290 810 autem
299 772 331 821 qui
340 773 381 810 misi
390 780 442 812 erant
451 779 470 812 et
479 775 498 812 in

104 842 194 874 uenerunt
203 835 250 874 sieut
259 835 307 874 dixit
316 835 352 873 illis
360 836 432 887 pullum
441 843 483 875 stan

103 907 141 940 tem
152 898 167 922 ³³
173 899 287 939 soluentibus
296 900 403 939 autemillis
412 901 484 952 pullum
493 902 527 941 dix

105 969 159 1003 erunt
168 964 238 1003 domini
247 965 286 1003 eius
295 965 318 1002 ad
328 963 369 1002 illos
379 966 424 1014 quid
433 966 505 1004 soluitis

105 1028 177 1077 pullum
186 1025 202 1049 ³4
208 1028 255 1065 atilli
264 1029 353 1065 dixerunt
361 1029 404 1077 quia
413 1030 448 1066 dr'rs
455 1042 497 1066 eum
506 1042 529 1066 ne

106 1091 205 1130 cessarium
214 1091 271 1129 habet
281 1090 295 1112 ³⁵
301 1096 320 1129 et
328 1092 433 1143 eduxerunt
442 1093 494 1130 ilium
504 1093 527 1131 ad

106 1155 144 1194 ihm
153 1160 172 1193 et
181 1155 269 1194 iactantes
278 1153 391 1194 uestimenta
399 1148 497 1206 sua'supra

106 1219 179 1270 pullum
188 1220 319 1269 inpossuerunt
328 1219 366 1258 ihm
375 1218 390 1241 ³⁰
395 1226 450 1259 eunte
459 1226 502 1259 aute

108 1283 140 1322 ilio
149 1284 294 1322 substernebant
303 1284 416 1323 uestimenta
425 1297 458 1323 sua
467 1284 486 1322 in

108 1347 138 1386 uia
147 1344 161 1368 ³⁷
168 1352 187 1385 et
196 1358 238 1385 cum
248 1346 406 1396 adpropinquaret
415 1347 451 1386 iam
461 1347 548 1386 addiscen

108 1424 149 1448 sum
159 1411 227 1448 montis
236 1409 300 1447 oliueti
309 1416 412 1460 coeperunt
420 1423 485 1448 omnes

108 1475 174 1513 turbae
183 1474 341 1512 discumbentium
351 1475 460 1523 gaudientes
469 1474 524 1513 lauda

440 1552 459 1577 re

110 1603 142 1641 drir
154 1615 200 1640 uoce
209 1615 278 1652 magna
286 1614 341 1650 super
350 1602 436 1640 omnibus
444 1615 490 1652 quas

110 1666 196 1704 uiderant
205 1666 305 1704 uirtutibus
314 1663 329 1687 ⁵⁸
336 1665 418 1704 dicentes
428 1666 504 1704 benedic

111 1736 141 1768 tus
150 1730 182 1779 qni
192 1729 243 1768 uenit
252 1729 346 1767 innomine
355 1730 375 1767 di
384 1742 422 1780 pax
431 1731 449 1768 in
459 1730 510 1768 caelo

111 1800 129 1833 et
138 1793 197 1844 gloria
205 1793 223 1831 in
232 1792 311 1831 excelsis
320 1791 334 1814 ³⁹
342 1793 368 1831 Et
377 1794 453 1843 quidam
462 1794 524 1844 pharis

112 1870 186 1897 seorum
196 1857 279 1896 deturbis
288 1856 376 1896 dixerunt
384 1857 462 1896 adilium
472 1871 503 1897 ma

112 1921 170 1971 gister
178 1921 253 1969 increpa
264 1920 365 1968 discipulos
374 1926 416 1958 tuos
425 1920 441 1944 4⁰
447 1922 514 1970 quibus

113 1985 153 2033 ipse
162 1984 187 2022 ait
197 1984 238 2022 dico
247 1984 300 2022 uobis
310 1983 353 2032 quia
362 1984 377 2022 si
386 1985 477 2023 tacuerint

112 2047 185 2096 lapides
193 2046 300 2085 clamabunt
308 2044 323 2068 4¹
329 2046 356 2086 Et
365 2048 490 2098 utpropinqua

35 2116 52 2146 28
61 2115 159 2146 inhimsoiima
163 2126 173 2152 μ
178 2115 199 2145 ior
204 2115 310 2154 ierosolymam.
387 2115 404 2152 36
414 2116 521 2146 substemabant
527 2115 549 2146 ior
556 2115 607 2147 ebant.
698 2135 699 2139 =

35 2174 53 2203 29
62 2165 188 2203 adpropinquasset
201 2164 226 2202 af
230 2174 255 2199 νμ
262 2164 271 2193 d
278 2162 302 2192 VO
318 2163 340 2192 for
388 2171 405 2202 37
415 2164 533 2203 adpropinquaret
537 2163 604 2203 pgrrvo
610 2164 689 2202 forappro·

16 2213 147 2252 appropinquasset.
176 2211 215 2241 —ad.
244 2212 341 2250 bethsageqp
368 2212 445 2252 pinqnaret.
474 2211 689 2250 discensnmadcrngatDE

16 2259 184 2299 durWiorBethphnge.
202 2258 341 2299 bethaniadrfsplr
368 2261 420 2291 'ePGR
430 2261 451 2290 ior
460 2259 544 2290 descensum.
572 2260 689 2291 discumbentium

18 2309 54 2338 codd
61 2310 82 2340 for
89 2309 177 2339 Bethaniam.
345 2318 349 2324 ·
369 2309 391 2339 for
400 2308 505 2348 discipulorum.
529 2308 611 2348 gandientes
622 2308 644 2338 for
655 2319 690 2348 gan-

37 2367 54 2395 50
65 2357 181 2396 assinaepnilum
191 2358 283 2393 erde'Y
292 2356 314 2386 for
326 2367 341 2396 p.
369 2359 421 2387 demes.

18 2405 69 2435 asinae.
389 2405 405 2441 38
416 2414 429 2440 r²
436 2404 538 2439 resrmressronr
544 2404 572 2432 xix.
581 2412 602 2432 10.

37 2452 181 2493 51quodiorQnin.
400 2462 439 2482 -ren
453 2450 487 2481 aiter
499 2451 538 2480 uenit
551 2451 672 2490 affrlpsDER.

39 2511 56 2540 32
66 2502 99 2532 misi
115 2501 249 2538 rnnnrpnrm
261 2501 283 2531 for
298 2500 341 2530 missi.
370 2499 530 2530 di=deiforDomini

43 2550 99 2588 pullum
104 2552 164 2579 stantem
171 2549 192 2579 ior
198 2559 208 2578 s.
216 2559 230 2587 p.
389 2558 407 2587 39
416 2549 518 2586 pharisseornm
525 2547 546 2576 sor
552 2547 663 2579 Pharisaeorum.

38 2607 55 2638 35
66 2598 143 2628 eduxerunt
149 2596 171 2626 for
178 2597 256 2639 duxerunt„
271 2596 342 2637 inpossue-
389 2606 407 2635 4⁰
419 2596 450 2626 -hi
457 2595 491 2625 aner
497 2593 509 2624 si
513 2594 533 2624 dr
538 2605 571 2635 pq.

19 2654 50 2679 runt
57 2649 101 2685 pdim
106 2649 116 2679 lr
121 2644 146 2686 gat
151 2648 173 2678 for
178 2649 278 2687 imposuerunt.
389 2655 406 2684 41
417 2645 496 2684 propinqua
502 2644 524 2674 for
530 2644 653 2684 appropinquavit.
