1598 2809
16 57 91 92 ,nura
98 63 116 89 x.
122 51 152 102 39]
177 25 178 29 ¹
218 53 270 88 ann
282 52 370 90 canate
383 53 486 90 donanis
502 41 516 55 ¹
655 64 687 100 207

111 135 149 174 tuis
158 140 177 174 et
185 134 262 174 exomni
271 139 334 173 mente
341 140 375 174 tua
384 141 402 175 et
410 137 516 186 proximum

113 206 167 239 tuum
176 200 224 238 sicut
233 205 252 238 te
261 199 323 248 ipsum
332 197 346 222 ²⁸
354 199 403 239 dixit
412 213 448 248 que
456 200 483 239 illi
492 205 542 239 recte

114 262 225 314 respondisti
234 261 269 301 hoc
278 260 307 301 fac
315 267 334 301 et
343 261 393 301 uiues
402 259 416 284 ²⁹
424 261 459 301 Ille
467 261 532 302 uolens

115 327 216 367 iustificare
225 339 244 366 se
253 327 314 377 ipsum
324 326 372 366 dixit
382 327 406 366 ad
415 327 453 366 ihm
463 327 504 378 quis

114 398 142 429 est
152 404 204 429 meus
213 391 311 441 proximus
319 390 335 413 ³⁰
340 392 442 440 suscipiens
451 398 514 430 autem
523 392 551 429 ihs

115 455 164 494 dixit
173 455 239 493 Homo
248 454 325 504 quidam
335 454 428 493 discendit
436 454 502 494 abhiru

115 519 172 557 salem
182 517 278 556 inhericho
287 524 305 556 et
314 518 379 555 incidit
388 519 490 557 inlatrones
499 519 531 568 qui

116 582 173 621 etiam
182 580 328 633 dispoliauerunt
337 594 380 620 eum
389 586 408 620 et
417 581 478 633 plagis
487 582 540 631 inpos

117 647 157 685 sitis
165 647 252 685 abierunt
261 645 326 684 relicto
335 646 433 684 semiuiuo.
450 645 543 686 31Accidit

69 707 71 710 ⁴
116 716 180 749 autem
189 709 296 749 utsacerdos
305 709 381 760 quidam
391 710 507 749 discenderat
516 709 562 749 eade

117 775 147 812 uia
157 780 176 813 et
184 774 224 812 uiso
233 773 265 811 illo
274 774 350 824 preterit
359 773 374 796 ³²
380 775 464 813 similiter
472 780 491 813 et
500 775 557 812 leuita

117 850 159 877 cum
168 844 217 877 esset
226 849 279 875 secus
288 837 350 876 locum
359 844 378 876 et
387 839 450 877 uidere
459 850 501 876 eum
511 844 552 877 tran

118 901 142 940 sit
151 900 166 923 ³³
171 899 296 940 samaritanus
304 906 368 940 autem
377 901 453 951 qnidam
463 902 498 941 iter

118 965 188 1004 iaciens
197 965 249 1004 uenit
258 977 310 1003 secus
319 978 361 1003 eum
371 972 390 1004 et
399 965 464 1004 uidens
473 977 516 1004 eum

118 1029 253 1068 missericordia
261 1035 323 1067 motus
332 1034 360 1067 est
369 1026 384 1050 ³4
391 1035 409 1067 et
418 1028 532 1080 adpropians

118 1092 203 1143 alligauit
212 1093 288 1130 uulnera
296 1093 335 1146 eius
345 1092 444 1129 infundens
453 1093 496 1130 oleti

119 1161 138 1196 et
147 1156 210 1195 uinum
220 1160 239 1193 et
248 1154 339 1204 inponens
347 1154 399 1193 illum
409 1155 513 1194 iniumentu

119 1234 173 1259 suum
183 1220 238 1259 duxit
248 1218 361 1258 instabulum
370 1232 424 1258 suum
434 1227 452 1259 et
462 1224 505 1259 cura

120 1285 159 1323 eius
167 1284 206 1334 egit
215 1281 229 1306 ³⁵
236 1288 255 1321 et
263 1282 323 1321 altera
331 1283 362 1322 die
370 1296 404 1333 pro
413 1284 456 1322 tulit
465 1285 511 1322 duos
521 1284 544 1322 de

120 1348 181 1386 narios
191 1353 210 1386 et
219 1347 270 1386 dedit
279 1346 381 1385 stabulario
391 1353 409 1385 et
418 1347 444 1385 ait
453 1358 516 1385 curam

120 1411 169 1448 iilius
178 1412 227 1449 habe
236 1417 255 1448 et
264 1411 314 1460 quod
324 1423 367 1448 cum
376 1423 412 1461 que
420 1423 476 1460 super
484 1422 564 1459 erogaue

121 1474 145 1513 ris
154 1487 190 1523 ego
199 1487 242 1513 cum
251 1474 323 1513 rediero
331 1474 409 1512 reddam
418 1473 453 1512 tibi
462 1472 524 1522 3flQuis
533 1473 568 1512 hor

121 1538 177 1577 trium
186 1539 261 1578 uidetur
269 1537 304 1577 tibi
313 1537 410 1589 proximus
419 1537 475 1578 suisse
483 1536 510 1575 ilii

121 1602 153 1653 qui
162 1602 226 1642 incidit
236 1602 254 1640 in
265 1602 346 1641 latrones
356 1601 370 1625 ³⁷
378 1602 429 1642 atille
438 1603 487 1642 dixit
497 1603 530 1652 qui
539 1602 582 1642 fecit

122 1666 277 1703 missericordiam
287 1666 349 1702 ineum
358 1672 377 1703 et
386 1667 412 1704 ait
421 1667 447 1703 illi
455 1667 483 1703 ihs
492 1667 540 1703 uade

78 1716 96 1770 †
123 1735 141 1768 et
150 1734 171 1767 tu
181 1728 209 1768 fac
219 1728 303 1768 similiter
312 1740 329 1776 .·,
339 1728 354 1752 ³⁸
361 1729 440 1769 Factum
449 1735 478 1769 est
486 1735 548 1769 autem

123 1794 168 1832 dum
177 1794 212 1832 iret
222 1799 241 1831 et
251 1793 292 1844 ipse
300 1794 376 1833 intrauit
385 1794 487 1845 inquodam
497 1793 554 1833 castel

122 1858 162 1896 lum
171 1862 190 1896 et
199 1857 265 1895 mulier
273 1858 366 1908 quaedam
376 1858 449 1896 martha
459 1858 533 1897 nomine

123 1921 210 1969 excoepit
219 1919 269 1958 illum
279 1920 375 1958 indomum
385 1932 438 1959 suam
448 1921 463 1944 ³⁹
470 1926 489 1959 et
497 1921 540 1959 huic
549 1933 601 1959 soror

124 1990 164 2022 erat
173 1983 231 2021 maria
240 1983 314 2021 nomine
324 1997 373 2034 quae
382 1983 438 2022 etiam
449 1984 515 2022 sedens

123 2060 177 2088 secus
185 2049 243 2099 pedes
252 2048 284 2087 dni
292 2047 380 2088 audiebat
389 2048 466 2088 uerbum
476 2047 524 2088 illius

46 2129 63 2160 29
75 2125 105 2151 —et
112 2121 160 2151 before
166 2122 197 2162 quis
204 2133 222 2159 ⁷¹2·
397 2131 414 2160 34
424 2122 509 2161 adpropians
514 2120 558 2160 rllrr2
562 2124 586 2159 gat
592 2120 604 2149 B
609 2120 620 2150 C
625 2120 673 2150 EtPZ
678 2121 700 2150 ior

46 2176 63 2205 30
73 2169 142 2200 discendit
148 2169 162 2209 (a
168 2169 257 2209 ascendebat)
264 2169 286 2199 for
294 2170 350 2200 descen·
378 2171 468 2209 appropians.
496 2168 564 2208 inponens
570 2168 581 2197 d
579 2169 605 2208 ffq
609 2168 637 2206 rplr
644 2172 669 2207 gat
675 2168 700 2199 VO

28 2215 73 2247 debat.
101 2219 178 2248 hirusalern
184 2228 198 2256 ν,
204 2219 226 2248 ior
232 2218 314 2248 Ierusalem,
377 2218 399 2247 ior
404 2218 482 2256 imponens.
510 2217 645 2247 stauarumasuum.

28 2262 85 2294 hericho
91 2276 106 2305 νἵ
110 2277 121 2303 μ
127 2267 157 2295 dim
164 2268 178 2296 D
185 2267 207 2296 for
215 2266 275 2296 Iericho.
303 2267 351 2305 dispo·
398 2266 415 2302 36
424 2266 451 2295 hot
457 2267 478 2295 ior
484 2265 538 2294 horum,

29 2310 96 2344 linierunt
104 2314 119 2353 ff
121 2315 128 2345 i
130 2323 158 2354 qq
166 2319 190 2352 gat
198 2314 208 2345 Ιι
217 2313 246 2345 dim
255 2314 322 2351 pnffo
330 2314 351 2344 ior
398 2318 415 2351 37
426 2312 543 2344 missericordiam
550 2311 583 2349 Da
589 2315 613 2351 gat
620 2312 642 2343 ior
648 2314 702 2345 miseri·

28 2358 144 2400 despoliaverunt.
162 2362 351 2402 inpossitisdimgatr2DCri’
379 2361 446 2390 cordiam.
475 2359 702 2400 inerrme(rlcumeo)sorin

29 2407 50 2437 for
56 2410 131 2449 impositis.
160 2412 210 2441 reiicto
219 2412 288 2441 semiuiuo
295 2412 317 2441 ior
323 2422 334 2442 s.
339 2422 350 2442 r.
378 2410 423 2440 iilum.

48 2465 63 2494 51
75 2458 162 2489 distenderat
169 2470 183 2497 ν,
189 2460 211 2489 for
220 2459 314 2490 descenderet.
399 2458 416 2494 58
426 2457 451 2487 iret
457 2467 472 2497 aq
476 2467 486 2493 μ
492 2456 518 2486 dur
524 2460 549 2495 gat
556 2456 627 2496 DEffQ
634 2457 702 2489 ferirent.

29 2506 85 2540 preterit
92 2516 101 2534 ν
106 2508 123 2535 fl>
131 2508 181 2546 (prae.)
188 2509 210 2537 ior
216 2508 301 2547 praeterivit.
380 2505 441 2544 quodam
449 2506 470 2533 sor
477 2505 553 2543 quoddam.

49 2560 65 2589 3²
76 2554 123 2584 uidere
130 2556 151 2584 ior
157 2555 215 2586 videret.
241 2555 290 2584 transit
295 2555 352 2595 torpet·
408 2553 472 2592 excoepit
478 2553 491 2582 R
498 2553 519 2581 for
525 2552 584 2592 excepit

30 2600 88 2630 transiit.
400 2610 418 2640 39
425 2611 464 2630 soror
469 2601 703 2633 erarmartanominetoresmm.

50 2656 66 2685 33
75 2650 180 2681 missericordia
186 2651 208 2681 for
214 2650 315 2680 misericordia
