1598 2809
269 84 322 120 THE
334 84 422 122 CELTIC
435 83 537 122 GOSPELS
574 83 641 135 [llnarc
649 95 686 123 mv.
695 97 740 131 44-

178 177 198 201 re
207 177 249 202 eum
258 172 277 203 et
286 166 348 204 ducite
357 178 400 204 cum
409 165 513 222 monitione¹
520 164 536 188 4⁵
542 171 560 204 et
569 153 695 204 cumuenisset

179 227 243 266 statim
252 228 330 266 accessit
339 222 407 267 adeum
416 242 450 267 aue
459 228 513 267 rabbi
522 235 541 267 et
550 230 614 269 oscula

179 297 210 329 tus
219 298 248 330 est
256 305 299 330 eum
307 291 322 314 4⁶
331 299 350 331 at
359 293 385 331 illi
395 305 460 331 manus
469 292 579 332 iniecierunt
588 294 650 332 inenm
664 293 665 296 ’

181 361 200 392 et
208 356 310 395 timuerunt
319 370 361 395 eum
396 355 411 380 ¹³⁷
417 357 472 395 Unus
481 363 544 395 autem
553 358 629 406 quidam
639 349 662 396 de

181 418 250 456 circum
259 420 352 458 stantibus
361 421 441 458 educens
449 419 532 471 gladium
541 421 622 470 percusit
631 434 660 459 ser

181 494 226 521 uum
234 484 304 522 summi
312 484 415 523 sacerdotis
424 490 442 522 et
451 484 548 534 amputaui
557 484 583 522 illi
592 484 632 523 auri

182 546 243 585 culam
252 546 267 569 4⁸
273 553 292 586 et
301 549 415 597 respondens
423 548 451 586 ihs
460 548 488 586 ait
497 548 532 586 illis
541 549 664 598 tamquamad

183 610 274 649 latronem
284 611 351 649 existis
360 610 463 661 cumgladis
471 618 490 649 et
499 611 578 651 fustibus
587 624 668 662 conprae

183 673 263 712 bendere
273 688 303 713 me
311 674 326 696 4⁹
332 676 400 714 cotidie
408 687 459 714 eram
469 675 519 726 apud
529 688 562 714 uos
571 674 661 726 intemplo

182 738 250 777 docens
259 744 278 777 et
287 751 355 777 nonme
363 739 449 778 tenuistis
459 741 492 777 sed
501 746 522 778 ut
531 740 646 790 implerentur

183 802 285 851 scripturae
318 801 334 825 ⁵⁰
340 803 392 841 Tunc
401 804 487 852 discipuli
496 805 535 842 eius
543 803 668 852 relinquentes

184 877 227 903 eum
237 876 301 903 omnes
310 866 397 915 fugerunt
405 863 420 887 ⁵¹
426 866 533 904 adolescens
542 872 605 905 autem
614 867 691 917 quidam

185 929 298 978 sequebatur
306 928 359 967 illum
368 929 449 967 amictus
459 930 537 969 sindone
545 942 601 980 super
609 931 660 974 nudo

185 999 205 1031 et
214 992 308 1031 tinuerunt
317 1005 359 1031 eum
369 991 384 1015 ⁵²
389 997 409 1031 at
417 993 448 1030 iile
458 994 527 1032 reiecta
536 994 614 1032 sindone
623 996 683 1033 nudus

186 1056 268 1107 profugit
277 1055 328 1095 abeis
362 1054 377 1078 ⁵³
384 1056 410 1095 Et
418 1057 540 1096 adduxerunt
549 1057 587 1096 ihm
596 1059 717 1097 adsummum

187 1122 302 1158 sacerdotem
311 1126 330 1159 et
339 1121 452 1159 conueniunt
462 1133 527 1159 omnes
536 1122 642 1161 sacerdotes
651 1127 671 1161 et

187 1184 259 1223 scribae
267 1189 286 1222 et
295 1185 376 1223 seniores
382 1183 395 1236 J
401 1197 437 1234 que
446 1185 534 1223 inatrium
543 1185 611 1224 summi
621 1199 673 1225 sacer·

187 1246 202 1269 ⁵4
208 1247 273 1285 Petrus
282 1254 346 1285 autem
355 1248 422 1297 alonge
431 1253 484 1286 stans
493 1254 567 1287 secutus
576 1253 605 1286 est
614 1261 656 1286 eum
666 1262 688 1286 ns

187 1311 242 1348 dotes
250 1317 270 1348 et
278 1311 357 1349 sedebat
365 1323 408 1348 cnm
418 1311 506 1349 ministris
516 1317 535 1349 et
544 1311 585 1350 cale
593 1312 674 1350 faciebat

188 1387 209 1413 se
218 1374 305 1425 adignem
341 1373 356 1397 ⁵⁵
362 1374 436 1413 Summi
445 1387 490 1413 uero
498 1376 605 1415 sacerdotes
613 1381 633 1414 et
642 1389 698 1415 omne
716 1380 751 1414 208

190 1439 288 1477 concilium
297 1440 400 1488 querebant
409 1438 498 1477 aduersus
506 1439 545 1477 ihrir
554 1440 630 1478 testimo

189 1502 241 1541 nium
250 1501 265 1524 ⁵¹⁴²
271 1502 338 1540 falsum
347 1502 433 1540 dicebant
442 1503 531 1540 aduersus
540 1515 583 1540 eum
592 1510 611 1541 et
620 1515 655 1541 con

190 1566 283 1604 uenientia
292 1565 399 1603 testimonia
408 1577 445 1602 non
455 1571 508 1603 erant
541 1564 555 1587 ⁵¹
561 1566 587 1603 Et
596 1566 674 1616 quidam

190 1634 287 1680 surgentes
296 1628 363 1667 falsum
372 1628 502 1666 testimonium
512 1628 597 1668 ferebant
606 1630 630 1668 ad

191 1706 256 1731 uersus
265 1706 308 1731 eum
318 1693 400 1731 dicentes
409 1690 518 1742 ⁵⁸quoniam
530 1706 563 1731 nos
572 1694 678 1733 audiuimus

192 1770 235 1796 eum
244 1758 337 1795 dicentem
346 1770 382 1807 ego
391 1756 494 1795 dissoluam
503 1757 595 1808 templum
604 1758 640 1796 hoc
650 1770 681 1796 ma

100 1866 119 1895 44
128 1866 160 1886 cum
167 1855 244 1885 monitione
252 1865 261 1883 a
266 1855 315 1895 bdffr
323 1856 340 1894 (d
345 1855 404 1893 diligen·
461 1855 547 1893 inplerentnr
553 1855 575 1884 for
580 1855 670 1894 impleantur.

82 1909 110 1935 ter:
116 1903 131 1944 f
134 1904 180 1933 ducite
187 1902 274 1932 firmissime:
283 1902 328 1941 durQ
340 1907 404 1933 —ceutez
452 1912 467 1942 51
479 1902 521 1932 illum
534 1901 581 1941 bflrk
593 1903 627 1942 Aug
639 1908 664 1942 gat
677 1903 703 1934 dur
715 1904 757 1942 'd'mg

82 1953 107 1983 lter
113 1952 179 1983 adducite
185 1954 200 1982 et
206 1960 238 1980 cum
244 1950 311 1988 uenisset)
318 1952 340 1980 for
347 1954 392 1981 caute.
434 1951 483 1981 RCT
495 1951 532 1980 codd
542 1951 564 1981 for
575 1961 611 1980 eum.
647 1951 717 1982 tinuerunt
728 1952 758 1992 (ak

101 2009 119 2040 45
129 1999 188 2030 accessit
200 1998 223 2029 ltu
235 1999 257 2029 for
268 1999 339 2030 accedens.
371 1999 406 2030 —ait
434 1999 528 2038 detinuerunt)
535 1999 556 2029 for
563 2004 641 2030 tennerunt.

83 2050 130 2080 before
136 2058 168 2079 aue.
448 2048 462 2088 j
466 2048 479 2078 is
484 2048 546 2087 missing
550 2047 567 2077 fn
573 2057 618 2078 verser
625 2057 642 2087 53
650 2052 663 2078 ro
669 2048 692 2079 62.

102 2097 120 2138 46
130 2097 211 2127 inieeierunt
217 2095 243 2126 her
249 2096 270 2126 for
279 2096 360 2126 iniecerunt.
389 2096 406 2125 tl·
454 2104 471 2134 53
482 2097 566 2126 conueniunt
575 2094 599 2125 alr
605 2096 628 2135 fr2
637 2096 662 2126 ber
672 2100 697 2135 gat
706 2096 736 2127 dim
748 2100 759 2127 Σ

84 2150 148 2176 muerunt
160 2144 183 2174 for
195 2148 273 2174 tenuerunt
309 2154 323 2173 m
335 2143 408 2174 hasbeen
435 2143 592 2174 VOforconvenerunt.

83 2193 132 2224 erased
138 2194 180 2223 down
187 2197 203 2223 to
209 2202 220 2221 n
226 2191 285 2230 making
291 2192 368 2221 timuerunt
378 2192 407 2221 into
455 2200 473 2229 54
487 2196 539 2221 ÷stans
548 2192 583 2220 after
589 2192 636 2229 longe.
664 2191 717 2221 -intro
723 2192 760 2221 after

84 2242 158 2271 tinuerunt.
436 2247 485 2278 usque.
507 2239 586 2269 sacerdotes
593 2238 602 2268 lr
608 2238 631 2268 for
637 2239 718 2270 sacerdotis.
746 2244 760 2269 et

103 2295 121 2326 47
131 2288 311 2326 percusitqiorpercnssit.
336 2287 410 2325 amputant
437 2285 541 2316 calefaciebat
555 2285 772 2326 seadignemfflrrffher

86 2336 107 2366 for
113 2336 191 2375 amputauit
198 2345 213 2364 as
221 2334 236 2363 in
242 2343 260 2373 r2.
290 2335 366 2372 However,
373 2335 388 2364 in
395 2345 411 2373 r²
438 2337 462 2373 gat
467 2332 492 2362 to
497 2333 518 2363 for
522 2334 541 2363 ad
545 2333 592 2372 ignem
597 2339 610 2363 et
616 2333 708 2364 calefaciebat
714 2345 732 2365 se.

85 2384 158 2423 amputaui
165 2383 176 2413 is
182 2388 197 2413 at
203 2383 227 2413 tte
233 2383 261 2413 end
267 2383 284 2413 of
287 2382 311 2413 the
316 2383 344 2413 line
351 2382 379 2413 and
386 2383 410 2413 the
457 2390 474 2420 55
485 2381 560 2420 querebant
566 2392 575 2420 q
582 2381 607 2410 her
613 2386 638 2420 gat
644 2383 666 2411 for
672 2384 761 2421 quaerebant.

86 2437 131 2470 tmay
136 2432 172 2461 have
179 2431 276 2470 disappeared.
457 2429 503 2467 55-56
516 2434 547 2459 -ut
558 2439 589 2458 eum
602 2429 645 2459 morti
655 2430 725 2461 traderent
736 2440 762 2460 nec

105 2478 321 2519 qssgladisrp'tfforgladiis.
350 2478 411 2509 fustibus
438 2478 533 2508 inveniebant.
561 2477 604 2506 Multi
613 2478 650 2507 enim
660 2479 760 2516 testimonium,

87 2527 221 2567 obcdffflquX
231 2526 252 2556 ior
260 2526 308 2565 lignis.
342 2536 410 2565 conprae-
439 2525 500 2563 through
506 2525 634 2554 homoeoteleuton.

87 2575 147 2606 bendere
154 2575 179 2605 her
187 2574 194 2605 l
198 2573 232 2604 ult
241 2573 278 2605 codd
287 2574 309 2604 for
319 2574 410 2614 eomprehen-
457 2574 485 2602 ris
491 2573 552 2611 missing
558 2574 607 2603 inxiv.
614 2579 631 2611 57
637 2577 650 2603 to
656 2573 763 2604 nv.8mrdtlren

88 2623 124 2653 dere.
439 2622 481 2654 ortuli
488 2622 501 2652 1¹5
507 2621 537 2652 lost.

107 2681 125 2710 49
135 2671 186 2701 cotidie
192 2671 221 2710 lrrz
226 2672 237 2700 Σ
243 2671 269 2701 ber
275 2670 300 2700 VO
306 2671 328 2701 for
338 2671 409 2710 Quotidie.
