1598 2809
61 107 82 141 28
263 107 315 144 THE
328 107 416 147 CELTIC
428 108 531 146 GOSPELS
581 105 650 158 [Mers.
659 109 736 146 nn18-

172 187 187 213 ¹⁸
195 189 249 229 Haec
258 203 280 228 eo
290 190 378 241 loquente
386 191 443 229 adeos
452 203 495 229 eece
504 190 546 239 prin

172 265 216 303 ceps
225 266 283 292 unum
291 255 381 293 accedens
389 254 480 293 adorabat
489 253 553 292 eumdi

172 329 216 356 cens
225 316 264 356 fitia
272 330 314 356 mea
324 319 381 356 modo
389 318 476 356 defuncta
485 324 512 356 est
521 317 553 356 sed
563 328 586 355 ue

174 381 194 419 ni
202 380 271 431 inpone
320 393 396 420 manum
405 387 457 420 tuam
466 393 572 430 supeream
582 387 601 419 et

174 444 227 482 uiuet
235 443 250 467 1⁹
256 451 275 483 et
284 457 362 494 surgens
370 445 482 495 sequebatur
491 457 534 482 eurn
544 451 563 482 et
571 443 617 483 disci

175 508 215 558 puli
224 509 263 545 eius
273 507 288 530 22
294 515 313 545 et
322 520 364 546 ecce
373 508 438 546 mulier
446 507 577 557 quaefluxsurn
586 519 618 545 san

175 570 236 622 guinis
245 572 351 622 patiebatur
360 580 391 611 XII
400 571 453 612 annis
460 572 528 611 acessit
536 578 586 611 retro

176 641 195 674 et
205 636 272 686 regigtt
281 637 374 675 fimbriam
384 637 490 675 uestimenti
500 636 538 674 eius
548 634 563 659 22
569 636 644 675 dicebat

176 699 225 737 enirn
235 700 304 739 intrase
313 701 408 752 sitetigero
416 708 491 740 tantum
500 701 591 739 uestimen

177 770 217 801 turn
227 764 266 801 eius
275 764 373 802 saluauero
381 762 396 786 22
403 764 457 802 adius
466 777 564 802 conuersus
573 768 592 802 et

177 827 242 864 uidens
252 840 293 865 earn
303 828 352 866 dixit
360 829 434 866 confide
443 828 480 865 fitia
489 828 536 866 fides
544 834 577 865 tua
585 833 605 865 te

178 889 249 942 saluum
258 889 301 928 fecit
311 896 330 929 et
339 890 391 929 salua
401 890 449 930 facta
458 897 486 930 est
495 890 561 929 mulier
570 903 595 928 ex

177 953 209 991 itta
222 966 254 992 ora
288 952 335 992 ²³Et
344 967 386 993 curn
396 956 476 993 uenisset
485 956 514 992 ihs
523 955 619 993 indornurn

178 1017 266 1067 principis
276 1024 293 1055 et
303 1018 369 1056 uidens
377 1019 469 1057 tubicines
477 1025 496 1056 et
507 1019 582 1057 turbam

177 1088 198 1119 tu
207 1081 267 1119 multu
276 1087 338 1119 antem
348 1076 421 1120 dicebat
430 1081 446 1103 22
453 1083 529 1119 recidite
537 1094 574 1119 non
584 1087 612 1119 est

179 1144 242 1194 puelle
251 1151 325 1183 mortun
333 1145 436 1184 seddornrit
445 1151 464 1183 et
473 1145 579 1183 diridehant

181 1220 223 1247 eurn
233 1206 248 1231 22
255 1214 274 1247 et
283 1221 325 1248 curn
334 1208 383 1248 iecta
392 1215 440 1249 esset
449 1211 505 1249 turbe
517 1209 595 1249 intrauit

179 1280 198 1312 et
207 1273 266 1311 tenuit
276 1285 351 1311 manum
360 1273 399 1312 eius
408 1281 427 1312 et
436 1275 516 1312 surrexit
525 1273 588 1324 puella

180 1335 195 1359 ²⁰
202 1341 220 1373 et
230 1338 269 1374 exit
279 1336 328 1374 sama
338 1337 384 1382 haec
393 1337 518 1375 inuniuersam
527 1343 596 1375 terrant

180 1399 231 1438 illurn
268 1398 282 1422 22
291 1400 317 1438 Et
327 1407 377 1438 trans
386 1408 441 1438 eunte
450 1401 493 1438 inde
502 1401 530 1437 ihs
539 1402 615 1437 secutisr

180 1475 223 1501 eum
232 1463 271 1501 duo
280 1464 330 1501 caeci
339 1462 441 1502 clamantes
450 1470 468 1502 et
477 1464 560 1504 dicentes
572 1464 597 1502 rni

177 1538 237 1565 serere
245 1527 304 1565 nostri
312 1526 338 1565 fitt
346 1527 403 1565 dauid
413 1525 427 1548 22
434 1540 477 1565 cunr
486 1534 548 1566 autern
559 1526 610 1566 uenis

180 1598 209 1630 set
218 1591 296 1629 domurn
305 1599 422 1630 accesserunt
431 1593 498 1630 adeum
508 1593 545 1630 duo
554 1604 587 1629 cae

182 1657 198 1694 ci
208 1662 227 1694 et
236 1656 282 1693 dicit
290 1655 316 1694 eis
326 1656 355 1693 ihs
364 1657 439 1695 creditis
448 1656 492 1707 quie
501 1668 577 1706 possum
587 1655 622 1694 hoc

182 1720 242 1758 facer-e
252 1720 305 1758 uobis
314 1720 378 1757 dicunt
387 1721 404 1758 ei
414 1722 478 1770 utique
488 1722 525 1758 dr're
534 1718 548 1742 22
556 1726 619 1757 tuncte

71 1783 95 1812 the
104 1781 138 1812 final
147 1786 154 1810 r
162 1782 175 1811 is
184 1793 193 1811 a
200 1781 228 1810 tine
237 1783 272 1811 with
282 1783 340 1812 another
348 1783 395 1819 merit,
443 1791 460 1822 23
470 1783 520 1813 uidens
528 1781 622 1822 abcdfquu
628 1781 650 1811 ior
656 1781 718 1811 uidisset.

71 1831 119 1860 which
127 1832 195 1860 indicates
204 1835 307 1860 conserunntnr.
327 1831 341 1860 It
350 1831 362 1861 is
370 1838 395 1861 not
425 1831 493 1862 tubicines
497 1831 505 1860 b
506 1831 571 1871 squgnt
576 1829 597 1860 for
602 1829 666 1860 tibicines
672 1830 702 1869 (her
706 1830 748 1869 tuby-

72 1879 96 1908 the
102 1879 143 1909 usual
149 1879 236 1909 contractiori
245 1878 259 1907 tn
269 1878 297 1908 rhts
306 1879 332 1909 MS
341 1879 363 1909 ior
371 1880 395 1909 the
425 1881 478 1918 cynos).
507 1879 562 1909 turbam
569 1880 581 1909 is
588 1880 642 1909 written
650 1883 664 1909 at
672 1879 695 1908 the
702 1879 749 1909 endof

72 1930 76 1944 ¹
80 1925 112 1957 tur’
118 1928 174 1966 ending,
425 1929 448 1958 the
454 1928 483 1958 line
490 1927 517 1957 and
525 1932 539 1957 tu
546 1928 580 1957 with
587 1938 596 1957 a
602 1937 649 1966 space,
656 1927 690 1956 then
699 1927 749 1961 mutu,

92 1977 109 2005 18
120 1985 137 2005 eo
143 1976 184 2014 u'lrgl
191 1974 220 2004 dirn
227 1974 270 2003 herD
275 1975 331 2004 foritto.
358 1984 396 2011 eece,
425 1977 458 2005 then
465 1985 522 2015 espace
532 1975 553 2004 ior
560 1985 568 2004 u
575 1976 620 2012 letter,
629 1974 662 2004 thus
670 1976 725 2005 turbam
734 1979 749 2005 tu

73 2024 100 2063 stip
107 2024 129 2053 ior
135 2033 172 2053 ecce.
201 2032 244 2052 unum
254 2023 324 2052 corrected
333 2028 349 2052 to
356 2033 396 2053 unus.
425 2025 471 2054 rnnltu
478 2029 530 2060 antem,
537 2025 558 2053 ior
565 2025 620 2053 turham
627 2023 740 2052 tumultuantem.

100 2073 168 2101 accedens
174 2071 196 2100 ior
203 2071 260 2099 accessit
267 2074 285 2100 et,
314 2070 360 2100 There
370 2069 397 2099 isa
445 2081 463 2110 24
474 2072 532 2101 recidite
545 2070 617 2100 corrected
631 2076 646 2099 to
656 2071 721 2101 recedite.

73 2129 115 2160 space
127 2121 149 2150 ior
161 2129 170 2149 a
183 2120 224 2150 letter
237 2128 253 2148 or
265 2122 294 2148 two
304 2117 366 2148 between
376 2120 397 2148 in·
428 2120 483 2148 -enim
494 2120 528 2147 with
538 2130 548 2154 μ
558 2119 587 2146 dirn
597 2124 622 2155 gat
633 2120 669 2147 atter
681 2128 709 2147 non
724 2123 749 2148 est.

74 2176 110 2207 pone
117 2167 145 2198 and
152 2176 210 2197 rnnnurn
216 2164 262 2196 which
269 2164 311 2196 ioohs
321 2176 336 2195 as
343 2165 398 2205 though
455 2167 503 2206 puella
511 2173 566 2196 mortun
577 2167 590 2195 D
601 2167 623 2195 for
633 2172 689 2196 mortun
697 2167 751 2207 pneile.

74 2216 154 2255 something
159 2216 187 2245 had
195 2216 229 2245 been
237 2215 289 2244 erased.
322 2223 394 2246 manunt
455 2216 535 2246 diridehant
545 2219 594 2256 petros
605 2219 629 2255 gar
638 2215 729 2247 unutttt
735 2216 750 2247 tt

75 2271 114 2295 tuum
123 2265 197 2304 dffflffilr
203 2266 237 2302 Aug
243 2270 267 2302 gat
274 2269 323 2302 petroc
329 2264 345 2292 ff
350 2265 363 2293 D
369 2265 398 2301 EQ
427 2265 449 2294 for
456 2264 542 2294 deridebant.

77 2313 136 2352 ang.
448 2320 464 2347 ²5
475 2312 510 2342 iectu
525 2311 551 2341 her
566 2311 637 2340 ffDER
653 2312 724 2342 corrected
736 2315 752 2341 to

94 2369 111 2400 19
124 2362 166 2390 -ths
428 2360 477 2390 eiecta.

95 2418 113 2439 20
122 2408 181 2439 flnxsunr
188 2407 261 2447 sanguinis
270 2407 292 2437 tle
300 2407 322 2437 ior
327 2407 400 2446 sanguinis
448 2408 466 2437 26
476 2408 505 2437 exit
511 2407 536 2437 her
543 2407 574 2444 QR
581 2408 602 2437 sor
608 2407 647 2437 exiit.

76 2457 133 2486 fluxum.
158 2454 400 2494 xttargatn’uuttwtordno-
449 2454 575 2492 eqithiorihr'r.
603 2455 753 2485 seeuttsrwtrhaeon-

77 2504 127 2538 decim.
156 2505 206 2536 acessit
212 2504 234 2534 sor
240 2503 305 2534 accessit.
429 2503 490 2532 traction
496 2502 536 2532 mark
544 2513 576 2532 over
583 2502 606 2532 the
613 2509 630 2540 st,
635 2504 656 2533 tor
662 2509 700 2543 sunt,
705 2505 754 2544 giving

97 2560 113 2582 21
123 2552 196 2584 saiuarrero
204 2552 243 2592 tdtlr
249 2551 326 2593 salurbor),
333 2551 355 2583 ior
361 2550 402 2582 seina
431 2553 475 2582 secuti
482 2556 518 2582 sunt.

76 2611 105 2631 ero.
451 2603 467 2630 28
478 2601 577 2631 adernneduo
590 2601 625 2630 abd
623 2601 670 2641 ffltl
674 2613 684 2638 μ
694 2603 720 2631 her
729 2605 755 2641 gut

102 2659 118 2678 22
129 2650 161 2679 ado
168 2651 176 2679 b
182 2651 195 2680 0
202 2650 273 2680 corrected
279 2655 294 2680 to
300 2655 319 2681 at
348 2650 403 2680 sutrium
430 2653 480 2690 petros
486 2648 521 2680 ΚΤ.

78 2699 150 2730 corrected
155 2705 171 2730 to
177 2700 236 2730 saluum.
266 2700 308 2729 oraT
316 2699 339 2729 for
345 2700 384 2729 horn.
