1598 2809
16 64 99 100 —Mnuu
109 74 153 102 xxn.
163 63 193 114 34]
219 66 271 101 THE
283 64 372 103 CELTIC
384 66 487 104 GOSPELS

127 146 191 198 imago
200 147 246 186 haec
255 153 274 185 et
283 160 338 197 super
347 147 423 198 scriptio
432 146 518 187 21dicunt

129 211 146 249 ei
155 211 232 249 cessaris
241 212 308 250 cessari
317 218 336 250 et
345 224 394 261 quae
402 218 446 250 sunt
455 213 474 250 di
483 213 507 251 do

129 271 144 296 n
151 279 170 311 et
179 273 275 311 audientes
284 274 346 312 mirati
355 280 398 311 sunt
408 280 427 312 et
436 274 500 312 relicto
509 287 531 313 eo
548 309 550 312 ,

130 338 216 377 abierunt
250 337 335 377 23ΙΝἰΙΙΟ
343 339 374 378 die
383 346 500 378 accesserunt
508 340 532 378 ad

129 415 172 441 eum
180 403 256 442 saducei
264 404 296 452 qui
305 404 370 442 dicunt
379 416 459 442 nonesse
467 416 517 442 resur

130 467 231 506 rectionem
243 475 261 506 et
271 468 485 521 interrogauerunteurn
494 465 510 489 n
517 467 546 506 dic

130 535 182 568 entes
192 532 281 579 magister
290 531 358 568 moises
367 532 417 568 dixit
425 532 441 568 si
449 532 491 580 quis
501 544 541 568 mor

130 599 173 632 tuus
182 593 235 632 suerit
244 594 353 632 nonhabens
363 594 421 632 filium
429 599 449 633 ut
460 594 496 633 edu

131 663 161 697 cat
171 656 246 697 fratrem
256 658 295 696 eius
304 671 382 697 uxorem
392 657 440 697 illius
449 664 468 697 et
477 657 525 697 susci

131 728 159 760 tet
168 735 231 760 semen
241 722 292 761 fratri
301 736 336 761 suo
345 722 359 745 2⁵
365 728 418 761 erant
427 728 490 761 autern
499 728 561 761 autem

132 786 182 837 apud
192 799 225 825 nos
234 793 306 837 septem
316 787 381 826 iratres
390 793 408 826 et
418 787 488 837 primus
497 800 524 826 ux

132 863 165 888 ore
174 851 230 889 ducta
241 851 339 889 defunctus
349 857 377 889 est
386 857 405 889 et
413 864 452 890 non
460 852 530 890 habens

131 927 194 953 semen
204 914 278 965 reliquit
288 928 367 955 uxorem
376 928 428 954 suam
438 915 489 954 tratri
498 929 532 954 suo

133 976 239 1017 ²⁶si1nilite1·
247 979 338 1018 secundus
347 984 365 1017 et
374 978 440 1017 tertius
449 991 508 1028 usque

133 1041 259 1091 adseptirnum
268 1040 283 1065 2⁷
290 1042 390 1079 nouissime
399 1047 463 1079 autem
472 1042 536 1079 omniu

134 1110 153 1145 et
162 1106 227 1145 mulier
235 1105 323 1146 defuncta
332 1111 360 1145 est
369 1105 384 1128 ²⁸
390 1106 543 1145 inresurrectione
663 1109 697 1144 103

134 1182 179 1220 ergo
188 1170 238 1208 cuius
247 1170 283 1208 erit
291 1172 388 1221 deseptern
397 1183 446 1209 uxor
454 1183 519 1208 omnes
528 1176 558 1208 eni

134 1234 239 1272 habuerunt
249 1247 271 1272 ea
280 1233 294 1256 2⁹
301 1234 415 1284 respondens
424 1240 487 1272 autern
496 1234 525 1272 ihs
580 1260 581 1263 =

134 1298 161 1337 ait
170 1297 205 1337 illis
215 1299 279 1338 enatis
288 1298 392 1338 nescientes
400 1297 501 1348 scripturas

135 1374 195 1412 neque
204 1362 292 1400 uirtutem
302 1362 321 1400 di
330 1361 345 1384 ³⁰
352 1362 504 1400 inresurreetione
513 1375 533 1400 er

135 1439 160 1475 go
168 1439 229 1475 neque
237 1427 309 1464 nubent
317 1438 378 1474 neque
386 1425 480 1463 nubentur
488 1439 508 1463 se

136 1490 203 1528 derunt
211 1490 259 1528 sicut
267 1489 324 1538 angili
334 1491 353 1527 di
361 1488 432 1527 incaelo
441 1487 455 1509 ³¹
462 1489 537 1527 deresur

136 1553 219 1592 rectione
227 1559 290 1592 autern
299 1558 403 1591 mortorum
412 1551 520 1603 nonlegistis

114 1644 119 1652 .
137 1617 260 1668 quoddictum
269 1622 297 1655 est
305 1617 355 1655 adno
363 1617 437 1655 dicente
445 1617 498 1655 uobis
507 1615 522 1638 ³2
527 1629 563 1666 ego

136 1694 177 1719 sum
187 1681 209 1719 ds
219 1680 320 1719 abracharn
330 1686 348 1718 et
357 1681 380 1718 ds
388 1681 442 1718 iacob
451 1687 470 1718 et
479 1680 540 1719 dsisoc

138 1756 175 1783 non
185 1752 213 1783 est
222 1746 244 1783 ds
253 1750 369 1783 mortuorum
378 1745 411 1782 sed
421 1743 524 1782 uiuentium

138 1808 152 1830 ³³
159 1814 177 1846 et
186 1809 283 1846 audientes
292 1809 358 1845 turbae
367 1809 483 1845 mirabantur
492 1809 547 1846 indoc

138 1877 180 1910 trna
189 1872 227 1910 eius
272 1870 286 1893 ³4
294 1872 375 1910 Farissei
384 1877 447 1910 autem
457 1872 554 1910 audientes

47 1946 64 1967 20
74 1948 115 1978 super
119 1940 222 1980 seriptioalrff
223 1940 245 1979 tq
251 1939 276 1970 her
280 1940 298 1979 (Σ
303 1949 350 1978 super·
399 1948 417 1978 30
424 1949 457 1978 ergo
462 1940 529 1970 forenim.
551 1940 621 1970 nubentur
626 1939 703 1978 according

28 1985 92 2024 scribtio)
99 1986 121 2016 ior
127 1987 234 2026 suprascriptio.
380 1991 396 2017 to
405 1987 477 2016 Wisemau
487 1987 499 2016 is
508 1997 526 2016 an
533 1987 607 2024 archaism,
613 1986 647 2016 used
653 1987 668 2016 iu
674 1986 703 2016 this

48 2041 63 2061 21
71 2035 177 2064 -tuneaitiliis
182 2036 235 2065 reddite
241 2045 274 2074 ergo
279 2045 315 2074 quae
319 2038 351 2064 sunt
380 2046 411 2074 way
416 2035 555 2074 almostexelusively
560 2037 578 2074 by
582 2035 640 2064 African
644 2034 702 2065 writers.

29 2083 88 2113 caesaris
94 2084 129 2114 aiter
135 2084 282 2115 cessorisiorcaesaris
288 2083 350 2122 through
409 2084 483 2115 sebderuut
493 2093 519 2121 rae
526 2083 561 2123 Aug
570 2087 594 2122 gat
602 2082 629 2112 her
635 2083 649 2112 D
654 2082 666 2111 E
671 2082 703 2121 QR

29 2128 155 2163 homoeoteleuton.
185 2133 236 2163 cessari
242 2133 264 2163 for
271 2133 329 2163 caesari.
381 2132 418 2163 codd
428 2142 447 2170 vg
454 2132 481 2162 Hil
488 2131 545 2171 (-sed)
553 2133 612 2162 Faustus
619 2130 635 2161 oi
640 2130 675 2160 Riez
681 2130 703 2159 ior

48 2180 131 2216 23suducei
144 2191 171 2221 Μ
184 2181 209 2210 her
222 2179 351 2210 DRWiorsad·
381 2181 405 2211 sed
413 2180 603 2210 eruntinsteadofsedsuut.
632 2178 704 2217 augiliior
733 2212 736 2214 ,

30 2227 84 2258 ducaei.
381 2228 433 2267 angeli.

26 2300 28 2304 r
49 2284 67 2314 24
76 2277 128 2306 moises
135 2276 272 2307 heerormoses,
302 2277 352 2305 educat
401 2285 418 2314 31
428 2280 506 2305 mortorum
513 2276 631 2305 formortuorum.
647 2274 701 2303 addo:

31 2322 62 2359 (her
68 2325 131 2363 nuncu,
138 2335 152 2363 rR
159 2326 226 2364 adducat)
233 2326 255 2355 ior
261 2326 308 2355 duran
383 2324 492 2354 adorniuowith
497 2334 510 2362 η
517 2325 547 2353 ED
552 2324 568 2353 ΕΡ
573 2324 587 2352 R
592 2323 629 2353 codd
633 2323 667 2352 iora
672 2323 704 2353 deo.

30 2370 86 2403 fratrem
93 2373 115 2403 ior
121 2373 168 2404 irater.
401 2381 418 2410 3²
428 2371 504 2402 abracham
510 2371 553 2409 ruber
559 2375 584 2410 gat
590 2370 612 2400 ior
617 2370 688 2401 abraham.

51 2423 352 2462 25Atfirstsightituouldappearthaithe
366 2418 638 2459 ‘isaobdeffhrgather'ffliorisaac.
658 2418 705 2449 There

32 2471 83 2500 second
90 2472 173 2502 autemhero
180 2472 192 2501 is
198 2472 222 2502 the
227 2471 283 2501 seribe's
288 2472 352 2509 minate,
382 2471 395 2499 is
402 2480 419 2499 an
425 2469 495 2498 inversion
500 2468 517 2497 of
522 2469 562 2497 order
567 2468 599 2497 here
604 2472 619 2498 et
625 2468 659 2497 deus
664 2468 705 2498 iacob

31 2518 124 2549 ueuertheless
133 2520 145 2549 it
151 2520 164 2549 is
172 2520 196 2549 the
205 2520 263 2558 reading
270 2519 286 2549 oi
291 2529 298 2548 e
305 2521 354 2548 ‘erant
383 2522 397 2548 et
403 2518 437 2547 deus
441 2518 471 2546 isac
476 2517 497 2546 ior
502 2521 516 2546 et
521 2516 555 2545 deus
559 2516 597 2546 isaeo
602 2519 615 2545 et
619 2516 654 2546 deus
658 2516 705 2546 iacob.

32 2569 80 2596 autem
86 2571 132 2598 autem
139 2568 177 2607 opud
184 2578 210 2598 nos
216 2572 269 2607 septem
276 2568 337 2597 fratres.
403 2574 420 2603 33.
430 2565 490 2595 doetrna
496 2564 518 2594 for
524 2564 594 2594 doctrina.

52 2614 69 2641 28
79 2623 96 2652 52
101 2615 147 2645 shows
152 2616 354 2655 uuderneaththepaginatiou
403 2623 421 2653 54
431 2614 491 2642 Farissei
500 2622 514 2650 r²
520 2613 535 2641 D
542 2613 550 2641 b
556 2612 578 2641 ior
584 2612 660 2641 Pharisaei.

34 2661 108 2698 103here.·
133 2663 220 2695 eafoream.
