<?xml version="1.0" encoding="UTF-8"?>
<!DOCTYPE html PUBLIC "-//W3C//DTD XHTML 1.0 Transitional//EN"
    "http://www.w3.org/TR/xhtml1/DTD/xhtml1-transitional.dtd">
<html xmlns="http://www.w3.org/1999/xhtml" xml:lang="en" lang="en">
 <head>
  <title>
</title>
<meta http-equiv="Content-Type" content="text/html;charset=utf-8" />
  <meta name='ocr-system' content='tesseract 3.04.00' />
  <meta name='ocr-capabilities' content='ocr_page ocr_carea ocr_par ocr_line ocrx_word'/>
</head>
<body>
  <div class='ocr_page' id='page_1' title='image "./MN41398ucmf_5_0166.png"; bbox 0 0 1598 2809; ppageno 0'>
   <div class='ocr_carea' id='block_1_1' title="bbox 311 123 785 175">
    <p class='ocr_par' dir='ltr' id='par_1_1' title="bbox 311 123 785 175">
     <span class='ocr_line' id='line_1_1' title="bbox 311 123 785 175; baseline 0 -15"><span class='ocrx_word' id='word_1_1' title='bbox 311 124 363 161; x_wconf 87' lang='lat' dir='ltr'><strong>THE</strong></span> <span class='ocrx_word' id='word_1_2' title='bbox 376 123 464 163; x_wconf 84' lang='lat' dir='ltr'><strong>CELTIC</strong></span> <span class='ocrx_word' id='word_1_3' title='bbox 476 124 580 163; x_wconf 82' lang='lat' dir='ltr'>GOSPELS</span> <span class='ocrx_word' id='word_1_4' title='bbox 623 123 691 175; x_wconf 71' lang='lat' dir='ltr'><strong>[Mum.</strong></span> <span class='ocrx_word' id='word_1_5' title='bbox 700 135 730 162; x_wconf 82' lang='lat' dir='ltr'><strong>xx.</strong></span> <span class='ocrx_word' id='word_1_6' title='bbox 740 136 785 160; x_wconf 86' lang='grc'>22-</span> 
     </span>
    </p>
   </div>
   <div class='ocr_carea' id='block_1_2' title="bbox 220 219 786 962">
    <p class='ocr_par' dir='ltr' id='par_1_2' title="bbox 220 219 786 516">
     <span class='ocr_line' id='line_1_2' title="bbox 220 219 672 273; baseline -0.002 -13"><span class='ocrx_word' id='word_1_7' title='bbox 220 226 284 260; x_wconf 82' lang='lat' dir='ltr'><strong>autem</strong></span> <span class='ocrx_word' id='word_1_8' title='bbox 293 220 321 258; x_wconf 77' lang='lat' dir='ltr'><strong>ihs</strong></span> <span class='ocrx_word' id='word_1_9' title='bbox 332 221 379 260; x_wconf 85' lang='lat' dir='ltr'>dixit</span> <span class='ocrx_word' id='word_1_10' title='bbox 389 220 481 273; x_wconf 83' lang='lat' dir='ltr'><strong>ne[sci]tis</strong></span> <span class='ocrx_word' id='word_1_11' title='bbox 490 221 535 271; x_wconf 88' lang='lat' dir='ltr'><strong>quid</strong></span> <span class='ocrx_word' id='word_1_12' title='bbox 545 219 630 273; x_wconf 56' lang='lat' dir='ltr'><strong>[petatis</strong></span> <span class='ocrx_word' id='word_1_13' title='bbox 639 221 672 273; x_wconf 85' lang='lat' dir='ltr'><strong>p[o</strong></span> 
     </span>
     <span class='ocr_line' id='line_1_3' title="bbox 221 282 659 336; baseline -0.002 -12"><span class='ocrx_word' id='word_1_14' title='bbox 221 282 282 335; x_wconf 69' lang='lat' dir='ltr'><strong>restris</strong></span> <span class='ocrx_word' id='word_1_15' title='bbox 291 285 355 323; x_wconf 86' lang='lat' dir='ltr'><strong>bibere</strong></span> <span class='ocrx_word' id='word_1_16' title='bbox 364 285 440 324; x_wconf 85' lang='lat' dir='ltr'>calicem</span> <span class='ocrx_word' id='word_1_17' title='bbox 450 298 506 334; x_wconf 84' lang='lat' dir='ltr'><strong>quem</strong></span> <span class='ocrx_word' id='word_1_18' title='bbox 515 297 550 335; x_wconf 81' lang='lat' dir='ltr'><strong>ego</strong></span> <span class='ocrx_word' id='word_1_19' title='bbox 560 284 659 336; x_wconf 69' lang='lat' dir='ltr'><strong>bibitturus</strong></span> 
     </span>
     <span class='ocr_line' id='line_1_4' title="bbox 220 347 675 400; baseline 0.002 -13"><span class='ocrx_word' id='word_1_20' title='bbox 220 361 262 387; x_wconf 91' lang='lat' dir='ltr'><strong>sum</strong></span> <span class='ocrx_word' id='word_1_21' title='bbox 271 349 337 387; x_wconf 85' lang='lat' dir='ltr'><strong>dicunt</strong></span> <span class='ocrx_word' id='word_1_22' title='bbox 345 350 362 387; x_wconf 91' lang='lat' dir='ltr'><strong>ei</strong></span> <span class='ocrx_word' id='word_1_23' title='bbox 371 349 464 400; x_wconf 88' lang='lat' dir='ltr'><strong>possimus</strong></span> <span class='ocrx_word' id='word_1_24' title='bbox 473 348 487 370; x_wconf 75' lang='grc'>22</span> <span class='ocrx_word' id='word_1_25' title='bbox 493 349 520 387; x_wconf 84' lang='lat' dir='ltr'><strong>ait</strong></span> <span class='ocrx_word' id='word_1_26' title='bbox 528 347 564 386; x_wconf 87' lang='lat' dir='ltr'><strong>illis</strong></span> <span class='ocrx_word' id='word_1_27' title='bbox 574 347 675 400; x_wconf 85' lang='lat' dir='ltr'><strong>[ca]ii[cem</strong></span> 
     </span>
     <span class='ocr_line' id='line_1_5' title="bbox 221 412 786 463; baseline 0 -12"><span class='ocrx_word' id='word_1_28' title='bbox 221 424 284 451; x_wconf 88' lang='lat' dir='ltr'><strong>meum</strong></span> <span class='ocrx_word' id='word_1_29' title='bbox 293 413 370 463; x_wconf 91' lang='lat' dir='ltr'><strong>quidem</strong></span> <span class='ocrx_word' id='word_1_30' title='bbox 379 412 447 451; x_wconf 86' lang='lat' dir='ltr'><strong>bibetis</strong></span> <span class='ocrx_word' id='word_1_31' title='bbox 457 412 521 451; x_wconf 86' lang='lat' dir='ltr'><strong>sedere</strong></span> <span class='ocrx_word' id='word_1_32' title='bbox 530 418 594 451; x_wconf 86' lang='lat' dir='ltr'><strong>autem</strong></span> <span class='ocrx_word' id='word_1_33' title='bbox 603 414 627 452; x_wconf 86' lang='lat' dir='ltr'><strong>ad</strong></span> <span class='ocrx_word' id='word_1_34' title='bbox 763 416 786 451; x_wconf 80' lang='lat'><strong>92</strong></span> 
     </span>
     <span class='ocr_line' id='line_1_6' title="bbox 222 476 607 516; baseline -0.005 0"><span class='ocrx_word' id='word_1_35' title='bbox 222 478 320 516; x_wconf 81' lang='lat' dir='ltr'><strong>dexteram</strong></span> <span class='ocrx_word' id='word_1_36' title='bbox 330 489 391 516; x_wconf 82' lang='lat' dir='ltr'><strong>meam</strong></span> <span class='ocrx_word' id='word_1_37' title='bbox 401 483 434 515; x_wconf 78' lang='lat' dir='ltr'><strong>aut</strong></span> <span class='ocrx_word' id='word_1_38' title='bbox 442 476 561 515; x_wconf 79' lang='lat' dir='ltr'><strong>adsinistram</strong></span> <span class='ocrx_word' id='word_1_39' title='bbox 570 489 607 515; x_wconf 91' lang='lat' dir='ltr'><strong>non</strong></span> 
     </span>
    </p>

    <p class='ocr_par' dir='ltr' id='par_1_3' title="bbox 222 540 590 590">
     <span class='ocr_line' id='line_1_7' title="bbox 222 540 590 590; baseline -0.003 -12"><span class='ocrx_word' id='word_1_40' title='bbox 222 546 251 579; x_wconf 88' lang='lat' dir='ltr'><strong>est</strong></span> <span class='ocrx_word' id='word_1_41' title='bbox 260 552 322 579; x_wconf 92' lang='lat' dir='ltr'><strong>meum</strong></span> <span class='ocrx_word' id='word_1_42' title='bbox 332 540 377 578; x_wconf 84' lang='lat' dir='ltr'><strong>dare</strong></span> <span class='ocrx_word' id='word_1_43' title='bbox 385 541 439 579; x_wconf 89' lang='lat' dir='ltr'><strong>nobis</strong></span> <span class='ocrx_word' id='word_1_44' title='bbox 447 541 480 578; x_wconf 85' lang='lat' dir='ltr'><strong>scd</strong></span> <span class='ocrx_word' id='word_1_45' title='bbox 489 540 556 589; x_wconf 88' lang='lat' dir='ltr'><strong>quibus</strong></span> <span class='ocrx_word' id='word_1_46' title='bbox 565 552 590 590; x_wconf 81' lang='lat' dir='ltr'><strong>pa</strong></span> 
     </span>
    </p>

    <p class='ocr_par' dir='ltr' id='par_1_4' title="bbox 222 602 635 653">
     <span class='ocr_line' id='line_1_8' title="bbox 222 602 635 653; baseline -0.002 -10"><span class='ocrx_word' id='word_1_47' title='bbox 222 609 284 645; x_wconf 77' lang='lat' dir='ltr'><strong>ratum</strong></span> <span class='ocrx_word' id='word_1_48' title='bbox 293 610 321 643; x_wconf 89' lang='lat' dir='ltr'><strong>est</strong></span> <span class='ocrx_word' id='word_1_49' title='bbox 330 610 395 653; x_wconf 73' lang='lat' dir='ltr'><strong>epatre</strong></span> <span class='ocrx_word' id='word_1_50' title='bbox 404 616 446 643; x_wconf 87' lang='lat' dir='ltr'><strong>meo</strong></span> <span class='ocrx_word' id='word_1_51' title='bbox 479 602 494 626; x_wconf 71' lang='grc'>22</span> <span class='ocrx_word' id='word_1_52' title='bbox 502 604 528 643; x_wconf 85' lang='lat' dir='ltr'><strong>Et</strong></span> <span class='ocrx_word' id='word_1_53' title='bbox 538 604 635 643; x_wconf 78' lang='lat' dir='ltr'>audientes</span> 
     </span>
    </p>

    <p class='ocr_par' dir='ltr' id='par_1_5' title="bbox 222 667 621 771">
     <span class='ocr_line' id='line_1_9' title="bbox 223 667 615 718; baseline 0 -13"><span class='ocrx_word' id='word_1_54' title='bbox 223 668 249 706; x_wconf 82' lang='lat' dir='ltr'><strong>ilii</strong></span> <span class='ocrx_word' id='word_1_55' title='bbox 258 668 318 705; x_wconf 87' lang='lat' dir='ltr'><strong>decim</strong></span> <span class='ocrx_word' id='word_1_56' title='bbox 328 668 419 718; x_wconf 83' lang='lat' dir='ltr'><strong>indignati</strong></span> <span class='ocrx_word' id='word_1_57' title='bbox 428 674 472 707; x_wconf 87' lang='lat' dir='ltr'><strong>sunt</strong></span> <span class='ocrx_word' id='word_1_58' title='bbox 481 668 578 707; x_wconf 87' lang='lat' dir='ltr'><strong>deduohus</strong></span> <span class='ocrx_word' id='word_1_59' title='bbox 588 667 615 706; x_wconf 79' lang='lat' dir='ltr'><strong>ira</strong></span> 
     </span>
     <span class='ocr_line' id='line_1_10' title="bbox 222 729 621 771; baseline -0.005 0"><span class='ocrx_word' id='word_1_60' title='bbox 222 730 282 771; x_wconf 82' lang='lat' dir='ltr'><strong>tribus</strong></span> <span class='ocrx_word' id='word_1_61' title='bbox 291 729 305 753; x_wconf 75' lang='grc'>22</span> <span class='ocrx_word' id='word_1_62' title='bbox 312 731 340 769; x_wconf 82' lang='lat' dir='ltr'><strong>ihs</strong></span> <span class='ocrx_word' id='word_1_63' title='bbox 349 737 412 771; x_wconf 84' lang='lat' dir='ltr'><strong>autem</strong></span> <span class='ocrx_word' id='word_1_64' title='bbox 422 732 498 771; x_wconf 80' lang='lat' dir='ltr'><strong>uocabit</strong></span> <span class='ocrx_word' id='word_1_65' title='bbox 507 745 539 771; x_wconf 87' lang='lat' dir='ltr'><strong>eos</strong></span> <span class='ocrx_word' id='word_1_66' title='bbox 548 732 593 770; x_wconf 80' lang='lat' dir='ltr'><strong>adse</strong></span> <span class='ocrx_word' id='word_1_67' title='bbox 602 737 621 770; x_wconf 91' lang='lat' dir='ltr'><strong>et</strong></span> 
     </span>
    </p>

    <p class='ocr_par' dir='ltr' id='par_1_6' title="bbox 223 794 634 962">
     <span class='ocr_line' id='line_1_11' title="bbox 223 794 616 847; baseline -0.005 -12"><span class='ocrx_word' id='word_1_68' title='bbox 223 796 250 835; x_wconf 79' lang='lat' dir='ltr'><strong>ait</strong></span> <span class='ocrx_word' id='word_1_69' title='bbox 258 794 309 834; x_wconf 89' lang='lat' dir='ltr'><strong>scitis</strong></span> <span class='ocrx_word' id='word_1_70' title='bbox 318 794 361 844; x_wconf 83' lang='lat' dir='ltr'><strong>quia</strong></span> <span class='ocrx_word' id='word_1_71' title='bbox 370 797 454 846; x_wconf 82' lang='lat' dir='ltr'><strong>gentium</strong></span> <span class='ocrx_word' id='word_1_72' title='bbox 464 796 555 847; x_wconf 83' lang='lat' dir='ltr'><strong>principes</strong></span> <span class='ocrx_word' id='word_1_73' title='bbox 564 797 616 834; x_wconf 90' lang='lat' dir='ltr'><strong>domi</strong></span> 
     </span>
     <span class='ocr_line' id='line_1_12' title="bbox 223 859 610 907; baseline 0 -10"><span class='ocrx_word' id='word_1_74' title='bbox 223 863 291 897; x_wconf 78' lang='lat' dir='ltr'><strong>uantur</strong></span> <span class='ocrx_word' id='word_1_75' title='bbox 301 870 366 896; x_wconf 87' lang='lat' dir='ltr'><strong>eorum</strong></span> <span class='ocrx_word' id='word_1_76' title='bbox 376 865 394 896; x_wconf 89' lang='lat' dir='ltr'><strong>et</strong></span> <span class='ocrx_word' id='word_1_77' title='bbox 404 859 435 907; x_wconf 89' lang='lat' dir='ltr'><strong>qui</strong></span> <span class='ocrx_word' id='word_1_78' title='bbox 444 860 523 897; x_wconf 84' lang='lat' dir='ltr'><strong>maiores</strong></span> <span class='ocrx_word' id='word_1_79' title='bbox 533 865 576 897; x_wconf 90' lang='lat' dir='ltr'><strong>sunt</strong></span> <span class='ocrx_word' id='word_1_80' title='bbox 585 872 610 907; x_wconf 89' lang='lat' dir='ltr'><strong>po</strong></span> 
     </span>
     <span class='ocr_line' id='line_1_13' title="bbox 223 920 634 962; baseline -0.002 -1"><span class='ocrx_word' id='word_1_81' title='bbox 223 927 310 962; x_wconf 78' lang='lat' dir='ltr'><strong>testatem</strong></span> <span class='ocrx_word' id='word_1_82' title='bbox 320 929 408 960; x_wconf 79' lang='lat' dir='ltr'><strong>exercent</strong></span> <span class='ocrx_word' id='word_1_83' title='bbox 417 922 436 960; x_wconf 92' lang='lat' dir='ltr'><strong>in</strong></span> <span class='ocrx_word' id='word_1_84' title='bbox 446 935 477 961; x_wconf 89' lang='lat' dir='ltr'><strong>eos</strong></span> <span class='ocrx_word' id='word_1_85' title='bbox 486 920 501 944; x_wconf 76' lang='grc'>22</span> <span class='ocrx_word' id='word_1_86' title='bbox 507 922 571 961; x_wconf 75' lang='lat' dir='ltr'><strong>nonita</strong></span> <span class='ocrx_word' id='word_1_87' title='bbox 580 923 634 961; x_wconf 90' lang='lat' dir='ltr'><strong>eritin</strong></span> 
     </span>
    </p>
   </div>
   <div class='ocr_carea' id='block_1_3' title="bbox 223 986 620 1165">
    <p class='ocr_par' dir='ltr' id='par_1_7' title="bbox 223 986 620 1165">
     <span class='ocr_line' id='line_1_14' title="bbox 224 986 591 1035; baseline -0.003 -10"><span class='ocrx_word' id='word_1_88' title='bbox 224 993 252 1025; x_wconf 87' lang='lat' dir='ltr'><strong>ter</strong></span> <span class='ocrx_word' id='word_1_89' title='bbox 261 999 295 1024; x_wconf 88' lang='lat' dir='ltr'><strong>uos</strong></span> <span class='ocrx_word' id='word_1_90' title='bbox 304 987 337 1024; x_wconf 90' lang='lat' dir='ltr'><strong>sed</strong></span> <span class='ocrx_word' id='word_1_91' title='bbox 345 987 378 1035; x_wconf 85' lang='lat' dir='ltr'><strong>qui</strong></span> <span class='ocrx_word' id='word_1_92' title='bbox 387 998 429 1023; x_wconf 88' lang='lat' dir='ltr'><strong>cum</strong></span> <span class='ocrx_word' id='word_1_93' title='bbox 438 998 474 1035; x_wconf 87' lang='lat' dir='ltr'><strong>que</strong></span> <span class='ocrx_word' id='word_1_94' title='bbox 483 986 563 1024; x_wconf 81' lang='lat' dir='ltr'><strong>uoluerit</strong></span> <span class='ocrx_word' id='word_1_95' title='bbox 572 988 591 1024; x_wconf 92' lang='lat' dir='ltr'><strong>in</strong></span> 
     </span>
     <span class='ocr_line' id='line_1_15' title="bbox 223 1050 577 1089; baseline -0.003 0"><span class='ocrx_word' id='word_1_96' title='bbox 223 1057 251 1089; x_wconf 96' lang='lat' dir='ltr'><strong>ter</strong></span> <span class='ocrx_word' id='word_1_97' title='bbox 260 1062 293 1088; x_wconf 88' lang='lat' dir='ltr'><strong>uos</strong></span> <span class='ocrx_word' id='word_1_98' title='bbox 302 1051 361 1088; x_wconf 75' lang='lat' dir='ltr'><strong>maior</strong></span> <span class='ocrx_word' id='word_1_99' title='bbox 370 1050 408 1089; x_wconf 86' lang='lat' dir='ltr'><strong>ficri</strong></span> <span class='ocrx_word' id='word_1_100' title='bbox 419 1051 443 1088; x_wconf 89' lang='lat' dir='ltr'><strong>sit</strong></span> <span class='ocrx_word' id='word_1_101' title='bbox 452 1056 514 1089; x_wconf 83' lang='lat' dir='ltr'><strong>uester</strong></span> <span class='ocrx_word' id='word_1_102' title='bbox 523 1051 577 1089; x_wconf 91' lang='lat' dir='ltr'><strong>minis</strong></span> 
     </span>
     <span class='ocr_line' id='line_1_16' title="bbox 225 1112 620 1165; baseline 0 -12"><span class='ocrx_word' id='word_1_103' title='bbox 225 1121 252 1154; x_wconf 90' lang='lat' dir='ltr'><strong>ter</strong></span> <span class='ocrx_word' id='word_1_104' title='bbox 261 1112 275 1137; x_wconf 78' lang='lat'><strong>²⁷</strong></span> <span class='ocrx_word' id='word_1_105' title='bbox 280 1119 299 1152; x_wconf 92' lang='lat' dir='ltr'><strong>et</strong></span> <span class='ocrx_word' id='word_1_106' title='bbox 307 1114 419 1164; x_wconf 85' lang='lat' dir='ltr'><strong>quiuolucrit</strong></span> <span class='ocrx_word' id='word_1_107' title='bbox 428 1114 511 1153; x_wconf 87' lang='lat' dir='ltr'><strong>internos</strong></span> <span class='ocrx_word' id='word_1_108' title='bbox 520 1115 591 1165; x_wconf 90' lang='lat' dir='ltr'><strong>primus</strong></span> <span class='ocrx_word' id='word_1_109' title='bbox 601 1128 620 1153; x_wconf 88' lang='lat' dir='ltr'><strong>es</strong></span> 
     </span>
    </p>
   </div>
   <div class='ocr_carea' id='block_1_4' title="bbox 139 1177 790 2329">
    <p class='ocr_par' dir='ltr' id='par_1_8' title="bbox 225 1177 676 2238">
     <span class='ocr_line' id='line_1_17' title="bbox 225 1177 676 1217; baseline -0.004 0"><span class='ocrx_word' id='word_1_110' title='bbox 225 1192 245 1217; x_wconf 90' lang='lat' dir='ltr'><strong>sc</strong></span> <span class='ocrx_word' id='word_1_111' title='bbox 253 1178 288 1216; x_wconf 82' lang='lat' dir='ltr'><strong>erit</strong></span> <span class='ocrx_word' id='word_1_112' title='bbox 297 1184 359 1215; x_wconf 86' lang='lat' dir='ltr'><strong>uester</strong></span> <span class='ocrx_word' id='word_1_113' title='bbox 368 1190 433 1215; x_wconf 89' lang='lat' dir='ltr'><strong>seruus</strong></span> <span class='ocrx_word' id='word_1_114' title='bbox 467 1177 482 1199; x_wconf 80' lang='grc'>22</span> <span class='ocrx_word' id='word_1_115' title='bbox 489 1177 542 1216; x_wconf 86' lang='lat' dir='ltr'><strong>Sicut</strong></span> <span class='ocrx_word' id='word_1_116' title='bbox 551 1178 600 1216; x_wconf 82' lang='lat' dir='ltr'><strong>filius</strong></span> <span class='ocrx_word' id='word_1_117' title='bbox 608 1178 634 1216; x_wconf 88' lang='lat' dir='ltr'><strong>ho</strong></span> <span class='ocrx_word' id='word_1_118' title='bbox 672 1186 676 1192; x_wconf 59' lang='lat'><strong>&#39;¹</strong></span> 
     </span>
     <span class='ocr_line' id='line_1_18' title="bbox 225 1240 594 1290; baseline -0.003 -9"><span class='ocrx_word' id='word_1_119' title='bbox 225 1240 280 1281; x_wconf 88' lang='lat' dir='ltr'><strong>minis</strong></span> <span class='ocrx_word' id='word_1_120' title='bbox 289 1241 378 1280; x_wconf 88' lang='lat' dir='ltr'><strong>nonucnit</strong></span> <span class='ocrx_word' id='word_1_121' title='bbox 389 1241 489 1281; x_wconf 82' lang='lat' dir='ltr'><strong>ministrari</strong></span> <span class='ocrx_word' id='word_1_122' title='bbox 498 1243 530 1280; x_wconf 86' lang='lat' dir='ltr'><strong>sed</strong></span> <span class='ocrx_word' id='word_1_123' title='bbox 540 1243 594 1290; x_wconf 89' lang='lat' dir='ltr'><strong>minis</strong></span> 
     </span>
     <span class='ocr_line' id='line_1_19' title="bbox 225 1304 582 1344; baseline 0 -1"><span class='ocrx_word' id='word_1_124' title='bbox 225 1312 274 1344; x_wconf 80' lang='lat' dir='ltr'><strong>trare</strong></span> <span class='ocrx_word' id='word_1_125' title='bbox 283 1309 302 1343; x_wconf 87' lang='lat' dir='ltr'><strong>et</strong></span> <span class='ocrx_word' id='word_1_126' title='bbox 311 1305 355 1342; x_wconf 80' lang='lat' dir='ltr'><strong>darc</strong></span> <span class='ocrx_word' id='word_1_127' title='bbox 364 1304 446 1342; x_wconf 77' lang='lat' dir='ltr'><strong>animam</strong></span> <span class='ocrx_word' id='word_1_128' title='bbox 455 1318 509 1343; x_wconf 80' lang='lat' dir='ltr'><strong>suam</strong></span> <span class='ocrx_word' id='word_1_129' title='bbox 519 1306 582 1343; x_wconf 88' lang='lat' dir='ltr'><strong>redem</strong></span> 
     </span>
     <span class='ocr_line' id='line_1_20' title="bbox 225 1368 648 1420; baseline 0 -12"><span class='ocrx_word' id='word_1_130' title='bbox 225 1368 310 1420; x_wconf 85' lang='lat' dir='ltr'><strong>ptionem</strong></span> <span class='ocrx_word' id='word_1_131' title='bbox 319 1368 418 1418; x_wconf 86' lang='lat' dir='ltr'><strong>promuitis</strong></span> <span class='ocrx_word' id='word_1_132' title='bbox 453 1368 467 1391; x_wconf 83' lang='grc'>22</span> <span class='ocrx_word' id='word_1_133' title='bbox 476 1369 502 1407; x_wconf 87' lang='lat' dir='ltr'><strong>Et</strong></span> <span class='ocrx_word' id='word_1_134' title='bbox 510 1369 648 1420; x_wconf 79' lang='lat' dir='ltr'><strong>egredientibus</strong></span> 
     </span>
     <span class='ocr_line' id='line_1_21' title="bbox 226 1432 579 1472; baseline 0 0"><span class='ocrx_word' id='word_1_135' title='bbox 226 1434 251 1472; x_wconf 86' lang='lat' dir='ltr'><strong>eis</strong></span> <span class='ocrx_word' id='word_1_136' title='bbox 260 1432 362 1472; x_wconf 80' lang='lat' dir='ltr'><strong>abhericho</strong></span> <span class='ocrx_word' id='word_1_137' title='bbox 371 1438 463 1472; x_wconf 81' lang='lat' dir='ltr'><strong>secutaest</strong></span> <span class='ocrx_word' id='word_1_138' title='bbox 472 1445 515 1471; x_wconf 90' lang='lat' dir='ltr'><strong>eum</strong></span> <span class='ocrx_word' id='word_1_139' title='bbox 524 1434 579 1472; x_wconf 79' lang='lat' dir='ltr'><strong>turba</strong></span> 
     </span>
     <span class='ocr_line' id='line_1_22' title="bbox 226 1495 651 1536; baseline -0.002 0"><span class='ocrx_word' id='word_1_140' title='bbox 226 1496 285 1536; x_wconf 85' lang='lat' dir='ltr'><strong>multa</strong></span> <span class='ocrx_word' id='word_1_141' title='bbox 294 1495 309 1518; x_wconf 72' lang='lat'><strong>³⁰</strong></span> <span class='ocrx_word' id='word_1_142' title='bbox 317 1501 336 1535; x_wconf 91' lang='lat' dir='ltr'><strong>et</strong></span> <span class='ocrx_word' id='word_1_143' title='bbox 345 1508 388 1535; x_wconf 88' lang='lat' dir='ltr'><strong>ecee</strong></span> <span class='ocrx_word' id='word_1_144' title='bbox 397 1497 434 1536; x_wconf 90' lang='lat' dir='ltr'><strong>duo</strong></span> <span class='ocrx_word' id='word_1_145' title='bbox 443 1496 493 1536; x_wconf 83' lang='lat' dir='ltr'><strong>caeci</strong></span> <span class='ocrx_word' id='word_1_146' title='bbox 503 1498 588 1536; x_wconf 82' lang='lat' dir='ltr'><strong>sedentes</strong></span> <span class='ocrx_word' id='word_1_147' title='bbox 597 1509 651 1536; x_wconf 84' lang='lat' dir='ltr'><strong>secus</strong></span> 
     </span>
     <span class='ocr_line' id='line_1_23' title="bbox 226 1560 569 1612; baseline 0 -11"><span class='ocrx_word' id='word_1_148' title='bbox 226 1563 276 1601; x_wconf 85' lang='lat' dir='ltr'><strong>uiam</strong></span> <span class='ocrx_word' id='word_1_149' title='bbox 285 1561 383 1600; x_wconf 81' lang='lat' dir='ltr'><strong>audierunt</strong></span> <span class='ocrx_word' id='word_1_150' title='bbox 392 1562 436 1612; x_wconf 83' lang='lat' dir='ltr'><strong>quia</strong></span> <span class='ocrx_word' id='word_1_151' title='bbox 444 1561 473 1600; x_wconf 76' lang='lat' dir='ltr'><strong>ihs</strong></span> <span class='ocrx_word' id='word_1_152' title='bbox 481 1560 569 1601; x_wconf 79' lang='lat' dir='ltr'><strong>transiret</strong></span> 
     </span>
     <span class='ocr_line' id='line_1_24' title="bbox 226 1625 607 1664; baseline -0.005 0"><span class='ocrx_word' id='word_1_153' title='bbox 226 1632 245 1664; x_wconf 87' lang='lat' dir='ltr'><strong>et</strong></span> <span class='ocrx_word' id='word_1_154' title='bbox 254 1625 382 1662; x_wconf 75' lang='lat' dir='ltr'><strong>clamauerunt</strong></span> <span class='ocrx_word' id='word_1_155' title='bbox 391 1625 474 1663; x_wconf 87' lang='lat' dir='ltr'><strong>dicentes</strong></span> <span class='ocrx_word' id='word_1_156' title='bbox 484 1626 521 1663; x_wconf 84' lang='lat' dir='ltr'><strong>dr&#39;re</strong></span> <span class='ocrx_word' id='word_1_157' title='bbox 530 1625 596 1663; x_wconf 85' lang='lat' dir='ltr'><strong>misere</strong></span> <span class='ocrx_word' id='word_1_158' title='bbox 606 1634 607 1637; x_wconf 75' lang='grc'>’</span> 
     </span>
     <span class='ocr_line' id='line_1_25' title="bbox 227 1685 606 1728; baseline -0.003 -2"><span class='ocrx_word' id='word_1_159' title='bbox 227 1702 246 1728; x_wconf 87' lang='lat' dir='ltr'><strong>re</strong></span> <span class='ocrx_word' id='word_1_160' title='bbox 255 1687 313 1726; x_wconf 86' lang='lat' dir='ltr'><strong>nostri</strong></span> <span class='ocrx_word' id='word_1_161' title='bbox 323 1687 355 1725; x_wconf 87' lang='lat' dir='ltr'><strong>filii</strong></span> <span class='ocrx_word' id='word_1_162' title='bbox 364 1687 421 1726; x_wconf 85' lang='lat' dir='ltr'><strong>dauid</strong></span> <span class='ocrx_word' id='word_1_163' title='bbox 431 1685 506 1727; x_wconf 77' lang='lat' dir='ltr'><strong>31turba</strong></span> <span class='ocrx_word' id='word_1_164' title='bbox 515 1693 578 1726; x_wconf 90' lang='lat' dir='ltr'><strong>autem</strong></span> <span class='ocrx_word' id='word_1_165' title='bbox 588 1688 606 1725; x_wconf 91' lang='lat' dir='ltr'><strong>in</strong></span> 
     </span>
     <span class='ocr_line' id='line_1_26' title="bbox 226 1753 581 1801; baseline -0.006 -9"><span class='ocrx_word' id='word_1_166' title='bbox 226 1753 315 1801; x_wconf 73' lang='lat' dir='ltr'><strong>crepabat</strong></span> <span class='ocrx_word' id='word_1_167' title='bbox 323 1764 355 1790; x_wconf 82' lang='lat' dir='ltr'><strong>eos</strong></span> <span class='ocrx_word' id='word_1_168' title='bbox 364 1758 385 1791; x_wconf 91' lang='lat' dir='ltr'><strong>ut</strong></span> <span class='ocrx_word' id='word_1_169' title='bbox 393 1757 476 1791; x_wconf 82' lang='lat' dir='ltr'><strong>tacerent</strong></span> <span class='ocrx_word' id='word_1_170' title='bbox 484 1757 505 1790; x_wconf 77' lang='lat' dir='ltr'><strong>et</strong></span> <span class='ocrx_word' id='word_1_171' title='bbox 514 1753 541 1791; x_wconf 85' lang='lat' dir='ltr'><strong>iiii</strong></span> <span class='ocrx_word' id='word_1_172' title='bbox 550 1765 581 1791; x_wconf 75' lang='lat' dir='ltr'><strong>mu</strong></span> 
     </span>
     <span class='ocr_line' id='line_1_27' title="bbox 227 1815 586 1867; baseline 0.003 -14"><span class='ocrx_word' id='word_1_173' title='bbox 227 1816 256 1867; x_wconf 81' lang='lat' dir='ltr'><strong>gis</strong></span> <span class='ocrx_word' id='word_1_174' title='bbox 265 1816 372 1854; x_wconf 73' lang='lat' dir='ltr'><strong>clamabant</strong></span> <span class='ocrx_word' id='word_1_175' title='bbox 381 1815 465 1854; x_wconf 87' lang='lat' dir='ltr'><strong>dicentes</strong></span> <span class='ocrx_word' id='word_1_176' title='bbox 474 1817 511 1854; x_wconf 80' lang='lat' dir='ltr'><strong>dne</strong></span> <span class='ocrx_word' id='word_1_177' title='bbox 520 1817 586 1854; x_wconf 88' lang='lat' dir='ltr'><strong>misere</strong></span> 
     </span>
     <span class='ocr_line' id='line_1_28' title="bbox 228 1878 631 1920; baseline 0.002 -1"><span class='ocrx_word' id='word_1_178' title='bbox 228 1893 248 1919; x_wconf 92' lang='lat' dir='ltr'><strong>re</strong></span> <span class='ocrx_word' id='word_1_179' title='bbox 257 1880 314 1918; x_wconf 81' lang='lat' dir='ltr'><strong>nostri</strong></span> <span class='ocrx_word' id='word_1_180' title='bbox 324 1880 356 1918; x_wconf 90' lang='lat' dir='ltr'><strong>filii</strong></span> <span class='ocrx_word' id='word_1_181' title='bbox 365 1879 421 1919; x_wconf 81' lang='lat' dir='ltr'><strong>dauid</strong></span> <span class='ocrx_word' id='word_1_182' title='bbox 430 1878 446 1902; x_wconf 77' lang='grc'>22</span> <span class='ocrx_word' id='word_1_183' title='bbox 453 1886 472 1920; x_wconf 88' lang='lat' dir='ltr'><strong>et</strong></span> <span class='ocrx_word' id='word_1_184' title='bbox 481 1881 534 1919; x_wconf 83' lang='lat' dir='ltr'><strong>stetit</strong></span> <span class='ocrx_word' id='word_1_185' title='bbox 543 1881 572 1919; x_wconf 78' lang='lat' dir='ltr'><strong>ihs</strong></span> <span class='ocrx_word' id='word_1_186' title='bbox 581 1886 599 1920; x_wconf 88' lang='lat' dir='ltr'><strong>et</strong></span> <span class='ocrx_word' id='word_1_187' title='bbox 607 1894 631 1920; x_wconf 92' lang='lat' dir='ltr'><strong>uo</strong></span> 
     </span>
     <span class='ocr_line' id='line_1_29' title="bbox 227 1944 584 1991; baseline -0.006 -8"><span class='ocrx_word' id='word_1_188' title='bbox 227 1944 276 1983; x_wconf 80' lang='lat' dir='ltr'><strong>cauit</strong></span> <span class='ocrx_word' id='word_1_189' title='bbox 284 1956 316 1981; x_wconf 90' lang='lat' dir='ltr'><strong>eos</strong></span> <span class='ocrx_word' id='word_1_190' title='bbox 325 1950 344 1981; x_wconf 86' lang='lat' dir='ltr'><strong>et</strong></span> <span class='ocrx_word' id='word_1_191' title='bbox 353 1945 378 1980; x_wconf 83' lang='lat' dir='ltr'><strong>ait</strong></span> <span class='ocrx_word' id='word_1_192' title='bbox 387 1945 432 1991; x_wconf 87' lang='lat' dir='ltr'><strong>quid</strong></span> <span class='ocrx_word' id='word_1_193' title='bbox 441 1944 498 1981; x_wconf 88' lang='lat' dir='ltr'><strong>uultis</strong></span> <span class='ocrx_word' id='word_1_194' title='bbox 507 1950 528 1981; x_wconf 87' lang='lat' dir='ltr'><strong>ut</strong></span> <span class='ocrx_word' id='word_1_195' title='bbox 537 1944 584 1981; x_wconf 68' lang='lat' dir='ltr'><strong>sacis</strong></span> 
     </span>
     <span class='ocr_line' id='line_1_30' title="bbox 229 2004 573 2059; baseline 0 -12"><span class='ocrx_word' id='word_1_196' title='bbox 229 2007 282 2047; x_wconf 86' lang='lat' dir='ltr'><strong>uobis</strong></span> <span class='ocrx_word' id='word_1_197' title='bbox 292 2004 377 2046; x_wconf 76' lang='lat' dir='ltr'><strong>³³dicunt</strong></span> <span class='ocrx_word' id='word_1_198' title='bbox 387 2006 413 2046; x_wconf 82' lang='lat' dir='ltr'><strong>illi</strong></span> <span class='ocrx_word' id='word_1_199' title='bbox 422 2008 459 2046; x_wconf 85' lang='lat' dir='ltr'><strong>dne</strong></span> <span class='ocrx_word' id='word_1_200' title='bbox 468 2014 488 2047; x_wconf 91' lang='lat' dir='ltr'><strong>ut</strong></span> <span class='ocrx_word' id='word_1_201' title='bbox 498 2008 573 2059; x_wconf 63' lang='lat' dir='ltr'><strong>aperiam</strong></span> 
     </span>
     <span class='ocr_line' id='line_1_31' title="bbox 228 2069 580 2110; baseline -0.003 0"><span class='ocrx_word' id='word_1_202' title='bbox 228 2078 259 2110; x_wconf 86' lang='lat' dir='ltr'><strong>tur</strong></span> <span class='ocrx_word' id='word_1_203' title='bbox 268 2070 317 2109; x_wconf 86' lang='lat' dir='ltr'><strong>oculi</strong></span> <span class='ocrx_word' id='word_1_204' title='bbox 325 2071 383 2108; x_wconf 89' lang='lat' dir='ltr'><strong>nostri</strong></span> <span class='ocrx_word' id='word_1_205' title='bbox 392 2069 407 2092; x_wconf 73' lang='grc'>22</span> <span class='ocrx_word' id='word_1_206' title='bbox 413 2072 508 2109; x_wconf 84' lang='lat' dir='ltr'><strong>missertus</strong></span> <span class='ocrx_word' id='word_1_207' title='bbox 517 2078 580 2110; x_wconf 86' lang='lat' dir='ltr'><strong>autern</strong></span> 
     </span>
     <span class='ocr_line' id='line_1_32' title="bbox 229 2133 575 2184; baseline 0 -10"><span class='ocrx_word' id='word_1_208' title='bbox 229 2147 293 2174; x_wconf 89' lang='lat' dir='ltr'><strong>eorum</strong></span> <span class='ocrx_word' id='word_1_209' title='bbox 302 2134 331 2171; x_wconf 77' lang='lat' dir='ltr'><strong>ihs</strong></span> <span class='ocrx_word' id='word_1_210' title='bbox 340 2133 401 2184; x_wconf 75' lang='lat' dir='ltr'><strong>tetigit</strong></span> <span class='ocrx_word' id='word_1_211' title='bbox 410 2134 473 2174; x_wconf 89' lang='lat' dir='ltr'><strong>oculos</strong></span> <span class='ocrx_word' id='word_1_212' title='bbox 483 2147 547 2174; x_wconf 88' lang='lat' dir='ltr'><strong>eorum</strong></span> <span class='ocrx_word' id='word_1_213' title='bbox 556 2142 575 2175; x_wconf 87' lang='lat' dir='ltr'><strong>et</strong></span> 
     </span>
     <span class='ocr_line' id='line_1_33' title="bbox 229 2198 587 2238; baseline -0.003 0"><span class='ocrx_word' id='word_1_214' title='bbox 229 2198 327 2238; x_wconf 87' lang='lat' dir='ltr'><strong>confestim</strong></span> <span class='ocrx_word' id='word_1_215' title='bbox 336 2198 424 2236; x_wconf 88' lang='lat' dir='ltr'><strong>uiderunt</strong></span> <span class='ocrx_word' id='word_1_216' title='bbox 433 2206 451 2236; x_wconf 87' lang='lat' dir='ltr'><strong>ct</strong></span> <span class='ocrx_word' id='word_1_217' title='bbox 461 2201 587 2238; x_wconf 82' lang='lat' dir='ltr'><strong>secutisunteu</strong></span> 
     </span>
    </p>

    <p class='ocr_par' dir='ltr' id='par_1_9' title="bbox 139 2287 790 2329">
     <span class='ocr_line' id='line_1_34' title="bbox 139 2287 790 2329; baseline 0.002 -9"><span class='ocrx_word' id='word_1_218' title='bbox 139 2300 155 2320; x_wconf 82' lang='lat'><strong>22</strong></span> <span class='ocrx_word' id='word_1_219' title='bbox 166 2289 236 2329; x_wconf 84' lang='lat' dir='ltr'><strong>possimus</strong></span> <span class='ocrx_word' id='word_1_220' title='bbox 242 2287 265 2317; x_wconf 82' lang='lat' dir='ltr'><strong>scr</strong></span> <span class='ocrx_word' id='word_1_221' title='bbox 271 2295 350 2326; x_wconf 80' lang='lat' dir='ltr'><strong>possumus.</strong></span> <span class='ocrx_word' id='word_1_222' title='bbox 472 2287 516 2317; x_wconf 80' lang='lat' dir='ltr'><strong>found</strong></span> <span class='ocrx_word' id='word_1_223' title='bbox 525 2289 540 2317; x_wconf 89' lang='lat' dir='ltr'><strong>in</strong></span> <span class='ocrx_word' id='word_1_224' title='bbox 550 2292 580 2318; x_wconf 87' lang='lat' dir='ltr'><strong>true</strong></span> <span class='ocrx_word' id='word_1_225' title='bbox 588 2288 640 2318; x_wconf 75' lang='lat' dir='ltr'><strong>Italian</strong></span> <span class='ocrx_word' id='word_1_226' title='bbox 649 2289 706 2319; x_wconf 87' lang='lat' dir='ltr'><strong>writers.</strong></span> <span class='ocrx_word' id='word_1_227' title='bbox 733 2289 790 2321; x_wconf 82' lang='lat' dir='ltr'><strong>Teilo=</strong></span> 
     </span>
    </p>
   </div>
   <div class='ocr_carea' id='block_1_5' title="bbox 119 2334 795 2762">
    <p class='ocr_par' dir='ltr' id='par_1_10' title="bbox 119 2334 795 2762">
     <span class='ocr_line' id='line_1_35' title="bbox 138 2334 793 2379; baseline -0.003 -8"><span class='ocrx_word' id='word_1_228' title='bbox 138 2350 156 2379; x_wconf 64' lang='lat'><strong>²3»</strong></span> <span class='ocrx_word' id='word_1_229' title='bbox 165 2350 212 2371; x_wconf 85' lang='lat' dir='ltr'><strong>meum</strong></span> <span class='ocrx_word' id='word_1_230' title='bbox 221 2338 279 2377; x_wconf 86' lang='lat' dir='ltr'><strong>quidem</strong></span> <span class='ocrx_word' id='word_1_231' title='bbox 290 2346 305 2368; x_wconf 76' lang='lat' dir='ltr'><strong>nr</strong></span> <span class='ocrx_word' id='word_1_232' title='bbox 316 2341 341 2376; x_wconf 74' lang='lat' dir='ltr'><strong>gat</strong></span> <span class='ocrx_word' id='word_1_233' title='bbox 352 2336 374 2367; x_wconf 89' lang='lat' dir='ltr'><strong>sor</strong></span> <span class='ocrx_word' id='word_1_234' title='bbox 384 2337 442 2373; x_wconf 84' lang='lat' dir='ltr'><strong>quidem</strong></span> <span class='ocrx_word' id='word_1_235' title='bbox 472 2334 513 2365; x_wconf 79' lang='lat' dir='ltr'><strong>ehad</strong></span> <span class='ocrx_word' id='word_1_236' title='bbox 522 2335 534 2365; x_wconf 83' lang='lat' dir='ltr'><strong>is</strong></span> <span class='ocrx_word' id='word_1_237' title='bbox 542 2336 603 2365; x_wconf 83' lang='lat' dir='ltr'><strong>without</strong></span> <span class='ocrx_word' id='word_1_238' title='bbox 609 2335 633 2366; x_wconf 82' lang='lat' dir='ltr'><strong>the</strong></span> <span class='ocrx_word' id='word_1_239' title='bbox 642 2336 686 2367; x_wconf 78' lang='lat' dir='ltr'><strong>‘Seeir</strong></span> <span class='ocrx_word' id='word_1_240' title='bbox 694 2341 710 2367; x_wconf 87' lang='lat' dir='ltr'><strong>to</strong></span> <span class='ocrx_word' id='word_1_241' title='bbox 719 2337 759 2375; x_wconf 76' lang='lat' dir='ltr'><strong>rtse’,</strong></span> <span class='ocrx_word' id='word_1_242' title='bbox 767 2341 793 2369; x_wconf 77' lang='lat' dir='ltr'><strong>&amp;c</strong></span> 
     </span>
     <span class='ocr_line' id='line_1_36' title="bbox 119 2383 618 2422; baseline -0.014 -1"><span class='ocrx_word' id='word_1_243' title='bbox 119 2399 170 2421; x_wconf 84' lang='lat' dir='ltr'><strong>meum.</strong></span> <span class='ocrx_word' id='word_1_244' title='bbox 198 2385 319 2418; x_wconf 86' lang='lat' dir='ltr'><strong>uobisforuobis.</strong></span> <span class='ocrx_word' id='word_1_245' title='bbox 472 2383 572 2422; x_wconf 76' lang='lat' dir='ltr'><strong>interpolation</strong></span> <span class='ocrx_word' id='word_1_246' title='bbox 581 2383 618 2414; x_wconf 82' lang='lat' dir='ltr'><strong>here.</strong></span> 
     </span>
     <span class='ocr_line' id='line_1_37' title="bbox 139 2431 794 2475; baseline -0.015 -7"><span class='ocrx_word' id='word_1_247' title='bbox 139 2446 155 2475; x_wconf 74' lang='lat'><strong>²4</strong></span> <span class='ocrx_word' id='word_1_248' title='bbox 165 2434 278 2467; x_wconf 81' lang='lat' dir='ltr'><strong>audieutcs÷illi</strong></span> <span class='ocrx_word' id='word_1_249' title='bbox 287 2433 308 2464; x_wconf 66' lang='grc' dir='ltr'><strong>Ξ),</strong></span> <span class='ocrx_word' id='word_1_250' title='bbox 337 2432 382 2463; x_wconf 84' lang='lat' dir='ltr'><strong>decim</strong></span> <span class='ocrx_word' id='word_1_251' title='bbox 393 2432 441 2463; x_wconf 77' lang='grc' dir='ltr'><strong>ΕΚΣ</strong></span> <span class='ocrx_word' id='word_1_252' title='bbox 491 2439 508 2470; x_wconf 80' lang='grc'><strong>29</strong></span> <span class='ocrx_word' id='word_1_253' title='bbox 518 2431 538 2461; x_wconf 89' lang='lat' dir='ltr'><strong>eis</strong></span> <span class='ocrx_word' id='word_1_254' title='bbox 551 2431 630 2472; x_wconf 58' lang='lat' dir='ltr'><strong>aiem</strong></span> <span class='ocrx_word' id='word_1_255' title='bbox 642 2443 652 2468; x_wconf 83' lang='grc' dir='ltr'>μ</span> <span class='ocrx_word' id='word_1_256' title='bbox 663 2433 696 2473; x_wconf 74' lang='lat' dir='ltr'><strong>Aug</strong></span> <span class='ocrx_word' id='word_1_257' title='bbox 706 2434 736 2465; x_wconf 56' lang='lat' dir='ltr'><strong>dim</strong></span> <span class='ocrx_word' id='word_1_258' title='bbox 747 2434 764 2465; x_wconf 61' lang='lat' dir='ltr'><strong>tp</strong></span> <span class='ocrx_word' id='word_1_259' title='bbox 775 2434 794 2465; x_wconf 70' lang='grc' dir='ltr'><strong>ΝΤ</strong></span> 
     </span>
     <span class='ocr_line' id='line_1_38' title="bbox 119 2478 766 2517; baseline -0.006 0"><span class='ocrx_word' id='word_1_260' title='bbox 119 2488 141 2517; x_wconf 84' lang='lat' dir='ltr'><strong>for</strong></span> <span class='ocrx_word' id='word_1_261' title='bbox 147 2487 200 2516; x_wconf 84' lang='lat' dir='ltr'><strong>decem.</strong></span> <span class='ocrx_word' id='word_1_262' title='bbox 472 2478 536 2517; x_wconf 58' lang='lat' dir='ltr'><strong>EQRC</strong></span> <span class='ocrx_word' id='word_1_263' title='bbox 542 2479 555 2508; x_wconf 89' lang='lat' dir='ltr'><strong>T</strong></span> <span class='ocrx_word' id='word_1_264' title='bbox 560 2480 572 2508; x_wconf 84' lang='lat' dir='ltr'>F</span> <span class='ocrx_word' id='word_1_265' title='bbox 578 2480 593 2509; x_wconf 71' lang='lat' dir='ltr'><strong>rii</strong></span> <span class='ocrx_word' id='word_1_266' title='bbox 598 2479 611 2509; x_wconf 91' lang='lat'>0</span> <span class='ocrx_word' id='word_1_267' title='bbox 617 2480 645 2510; x_wconf 92' lang='lat' dir='ltr'><strong>VZ</strong></span> <span class='ocrx_word' id='word_1_268' title='bbox 655 2482 692 2512; x_wconf 88' lang='lat' dir='ltr'><strong>codd</strong></span> <span class='ocrx_word' id='word_1_269' title='bbox 702 2483 724 2512; x_wconf 82' lang='lat' dir='ltr'><strong>for</strong></span> <span class='ocrx_word' id='word_1_270' title='bbox 733 2483 766 2514; x_wconf 82' lang='lat' dir='ltr'><strong>illis.</strong></span> 
     </span>
     <span class='ocr_line' id='line_1_39' title="bbox 139 2527 621 2573; baseline -0.019 -8"><span class='ocrx_word' id='word_1_271' title='bbox 139 2545 156 2573; x_wconf 77' lang='lat'><strong>25</strong></span> <span class='ocrx_word' id='word_1_272' title='bbox 165 2533 222 2564; x_wconf 82' lang='lat' dir='ltr'><strong>uocabit</strong></span> <span class='ocrx_word' id='word_1_273' title='bbox 242 2533 264 2562; x_wconf 77' lang='lat' dir='ltr'><strong>for</strong></span> <span class='ocrx_word' id='word_1_274' title='bbox 284 2531 345 2561; x_wconf 79' lang='lat' dir='ltr'><strong>uocauit.</strong></span> <span class='ocrx_word' id='word_1_275' title='bbox 379 2530 442 2570; x_wconf 79' lang='lat' dir='ltr'><strong>gentium</strong></span> <span class='ocrx_word' id='word_1_276' title='bbox 471 2527 621 2557; x_wconf 80' lang='lat' dir='ltr'><strong>hericoforhiericho.</strong></span> 
     </span>
     <span class='ocr_line' id='line_1_40' title="bbox 121 2576 795 2621; baseline -0.003 -10"><span class='ocrx_word' id='word_1_277' title='bbox 121 2583 192 2621; x_wconf 85' lang='lat' dir='ltr'><strong>principes</strong></span> <span class='ocrx_word' id='word_1_278' title='bbox 198 2583 212 2611; x_wconf 84' lang='lat' dir='ltr'>R</span> <span class='ocrx_word' id='word_1_279' title='bbox 218 2582 240 2610; x_wconf 78' lang='lat' dir='ltr'><strong>sor</strong></span> <span class='ocrx_word' id='word_1_280' title='bbox 246 2581 315 2619; x_wconf 85' lang='lat' dir='ltr'><strong>principes</strong></span> <span class='ocrx_word' id='word_1_281' title='bbox 321 2580 388 2617; x_wconf 83' lang='lat' dir='ltr'><strong>gentium.</strong></span> <span class='ocrx_word' id='word_1_282' title='bbox 491 2584 509 2611; x_wconf 78' lang='lat'><strong>30</strong></span> <span class='ocrx_word' id='word_1_283' title='bbox 519 2585 550 2605; x_wconf 83' lang='lat' dir='ltr'><strong>ecce</strong></span> <span class='ocrx_word' id='word_1_284' title='bbox 557 2577 585 2614; x_wconf 86' lang='lat' dir='ltr'><strong>siip</strong></span> <span class='ocrx_word' id='word_1_285' title='bbox 591 2576 612 2605; x_wconf 81' lang='lat' dir='ltr'><strong>ior</strong></span> <span class='ocrx_word' id='word_1_286' title='bbox 617 2586 653 2607; x_wconf 85' lang='lat' dir='ltr'><strong>ecce.</strong></span> <span class='ocrx_word' id='word_1_287' title='bbox 673 2578 699 2607; x_wconf 88' lang='lat' dir='ltr'><strong>filii</strong></span> <span class='ocrx_word' id='word_1_288' title='bbox 705 2579 742 2618; x_wconf 82' lang='lat' dir='ltr'><strong>(also</strong></span> <span class='ocrx_word' id='word_1_289' title='bbox 749 2580 763 2609; x_wconf 87' lang='lat' dir='ltr'><strong>iu</strong></span> <span class='ocrx_word' id='word_1_290' title='bbox 770 2581 795 2618; x_wconf 78' lang='lat'><strong>51)</strong></span> 
     </span>
     <span class='ocr_line' id='line_1_41' title="bbox 141 2623 706 2668; baseline -0.016 -9"><span class='ocrx_word' id='word_1_291' title='bbox 141 2631 157 2659; x_wconf 87' lang='grc'><strong>28</strong></span> <span class='ocrx_word' id='word_1_292' title='bbox 164 2629 254 2668; x_wconf 78' lang='lat' dir='ltr'><strong>Thepassive</strong></span> <span class='ocrx_word' id='word_1_293' title='bbox 258 2627 334 2657; x_wconf 83' lang='lat' dir='ltr'><strong>ministrari</strong></span> <span class='ocrx_word' id='word_1_294' title='bbox 338 2626 373 2656; x_wconf 89' lang='lat' dir='ltr'><strong>both</strong></span> <span class='ocrx_word' id='word_1_295' title='bbox 377 2626 410 2656; x_wconf 88' lang='lat' dir='ltr'><strong>here</strong></span> <span class='ocrx_word' id='word_1_296' title='bbox 414 2625 442 2656; x_wconf 78' lang='lat' dir='ltr'><strong>und</strong></span> <span class='ocrx_word' id='word_1_297' title='bbox 471 2634 486 2661; x_wconf 51' lang='grc' dir='ltr'><strong>2ἢ</strong></span> <span class='ocrx_word' id='word_1_298' title='bbox 492 2623 517 2652; x_wconf 83' lang='lat' dir='ltr'><strong>her</strong></span> <span class='ocrx_word' id='word_1_299' title='bbox 526 2628 550 2662; x_wconf 79' lang='lat' dir='ltr'><strong>gat</strong></span> <span class='ocrx_word' id='word_1_300' title='bbox 556 2624 573 2653; x_wconf 72' lang='lat' dir='ltr'><strong>‘ri’</strong></span> <span class='ocrx_word' id='word_1_301' title='bbox 579 2623 593 2662; x_wconf 85' lang='lat' dir='ltr'>Q</span> <span class='ocrx_word' id='word_1_302' title='bbox 598 2624 610 2653; x_wconf 88' lang='lat' dir='ltr'>R</span> <span class='ocrx_word' id='word_1_303' title='bbox 615 2625 627 2655; x_wconf 84' lang='lat' dir='ltr'>C</span> <span class='ocrx_word' id='word_1_304' title='bbox 632 2625 646 2654; x_wconf 82' lang='grc' dir='ltr'><strong>Α</strong></span> <span class='ocrx_word' id='word_1_305' title='bbox 652 2626 674 2655; x_wconf 66' lang='lat' dir='ltr'><strong>for</strong></span> <span class='ocrx_word' id='word_1_306' title='bbox 680 2627 706 2657; x_wconf 74' lang='lat' dir='ltr'>fili,</span> 
     </span>
     <span class='ocr_line' id='line_1_42' title="bbox 121 2672 745 2716; baseline -0.006 -8"><span class='ocrx_word' id='word_1_307' title='bbox 121 2680 136 2709; x_wconf 93' lang='lat' dir='ltr'><strong>in</strong></span> <span class='ocrx_word' id='word_1_308' title='bbox 143 2680 172 2709; x_wconf 87' lang='lat' dir='ltr'><strong>Mc.</strong></span> <span class='ocrx_word' id='word_1_309' title='bbox 178 2687 213 2716; x_wconf 78' lang='lat' dir='ltr'><strong>x.45</strong></span> <span class='ocrx_word' id='word_1_310' title='bbox 220 2679 232 2707; x_wconf 88' lang='lat' dir='ltr'><strong>is</strong></span> <span class='ocrx_word' id='word_1_311' title='bbox 238 2676 269 2707; x_wconf 78' lang='lat' dir='ltr'><strong>said</strong></span> <span class='ocrx_word' id='word_1_312' title='bbox 276 2677 293 2715; x_wconf 86' lang='lat' dir='ltr'><strong>by</strong></span> <span class='ocrx_word' id='word_1_313' title='bbox 299 2676 365 2705; x_wconf 83' lang='lat' dir='ltr'><strong>Cardiuai</strong></span> <span class='ocrx_word' id='word_1_314' title='bbox 370 2675 442 2705; x_wconf 83' lang='lat' dir='ltr'><strong>Wiseman</strong></span> <span class='ocrx_word' id='word_1_315' title='bbox 491 2680 509 2711; x_wconf 77' lang='lat'><strong>54</strong></span> <span class='ocrx_word' id='word_1_316' title='bbox 519 2672 590 2703; x_wconf 87' lang='lat' dir='ltr'><strong>missertus</strong></span> <span class='ocrx_word' id='word_1_317' title='bbox 596 2683 610 2711; x_wconf 67' lang='grc' dir='ltr'>η</span> <span class='ocrx_word' id='word_1_318' title='bbox 616 2679 641 2713; x_wconf 82' lang='lat' dir='ltr'><strong>gut</strong></span> <span class='ocrx_word' id='word_1_319' title='bbox 648 2675 670 2705; x_wconf 79' lang='lat' dir='ltr'><strong>sor</strong></span> <span class='ocrx_word' id='word_1_320' title='bbox 676 2676 745 2706; x_wconf 82' lang='lat' dir='ltr'><strong>misertus.</strong></span> 
     </span>
     <span class='ocr_line' id='line_1_43' title="bbox 122 2723 442 2762; baseline -0.019 -4"><span class='ocrx_word' id='word_1_321' title='bbox 122 2733 137 2758; x_wconf 86' lang='lat' dir='ltr'><strong>to</strong></span> <span class='ocrx_word' id='word_1_322' title='bbox 144 2727 162 2756; x_wconf 84' lang='lat' dir='ltr'><strong>bc</strong></span> <span class='ocrx_word' id='word_1_323' title='bbox 171 2736 188 2757; x_wconf 82' lang='lat' dir='ltr'><strong>an</strong></span> <span class='ocrx_word' id='word_1_324' title='bbox 196 2725 280 2755; x_wconf 79' lang='lat' dir='ltr'><strong>Africanism</strong></span> <span class='ocrx_word' id='word_1_325' title='bbox 287 2724 315 2753; x_wconf 87' lang='lat' dir='ltr'><strong>und</strong></span> <span class='ocrx_word' id='word_1_326' title='bbox 322 2724 334 2753; x_wconf 87' lang='lat' dir='ltr'><strong>is</strong></span> <span class='ocrx_word' id='word_1_327' title='bbox 342 2723 393 2762; x_wconf 78' lang='lat' dir='ltr'><strong>hardly</strong></span> <span class='ocrx_word' id='word_1_328' title='bbox 400 2727 416 2752; x_wconf 85' lang='lat' dir='ltr'><strong>to</strong></span> <span class='ocrx_word' id='word_1_329' title='bbox 425 2724 442 2752; x_wconf 84' lang='lat' dir='ltr'><strong>be</strong></span> 
     </span>
    </p>
   </div>
   <div class='ocr_carea' id='block_1_6' title="bbox 0 0 816 2809">
    <p class='ocr_par' dir='ltr' id='par_1_11' title="bbox 0 0 816 2809">
     <span class='ocr_line' id='line_1_44' title="bbox 0 0 816 2809; baseline 0 0"><span class='ocrx_word' id='word_1_330' title='bbox 0 0 816 2809; x_wconf 95' lang='lat' dir='ltr'><strong> </strong></span> 
     </span>
    </p>
   </div>
  </div>
 </body>
</html>
