1598 2809
103 70 135 115 196
305 68 357 104 THE
369 67 457 105 CELTIC
469 66 574 105 GOSPELS
616 65 678 118 [Luxu
686 77 724 104 vrn.
734 80 778 115 23-

200 154 219 187 et
227 148 380 199 periclitabantur
388 148 404 171 ²4
412 149 521 188 accedentes
530 155 593 188 autem
602 161 633 188 sus
746 158 756 200 7
759 155 779 201 3v

199 212 304 252 citauerunt
313 225 356 252 eum
364 214 448 253 dieentes
457 220 566 263 praeceptor
574 214 614 265 peri

201 290 242 316 mus
251 276 279 316 At
288 277 320 316 ille
329 291 406 329 surgens
415 277 517 327 increpauit
526 284 603 316 uentum

200 347 220 379 et
227 348 360 391 tempestatem
370 355 429 391 aquae
438 347 457 379 et
466 343 545 379 cessauit
554 348 572 379 et
581 341 631 380 facta
639 347 668 380 est

155 453 157 456 ἱ
200 405 309 445 trancillitas
319 403 333 428 ²⁵
340 405 373 444 Dx
383 404 491 444 autemillis
500 404 532 444 ubi
542 412 558 448 ÷
568 404 615 444 fides
623 419 657 446 nes

163 467 165 471 ⁴
200 476 230 508 tra
238 471 270 520 qui
280 470 367 508 timentes
376 470 438 508 mirati
447 474 489 508 sunt
498 470 580 509 dicentes
589 470 613 508 ad

202 533 281 572 inuicem
290 534 332 583 quis
341 539 397 585 putas
406 535 435 572 hic
447 542 462 576 ÷
472 535 516 584 quia
525 540 543 572 et
553 535 612 573 uentis
622 535 647 573 im

201 603 254 646 perat
263 603 282 635 et
292 597 338 635 mari
346 604 365 634 et
374 593 467 636 obediunt
475 598 491 635 ei
500 595 515 618 2⁶
522 604 541 636 et
550 597 661 647 nauigaueit

202 660 322 711 adregionem
331 660 459 710 gerasinorum
470 667 554 711 quaeest
563 667 628 701 contra

201 724 287 776 galileam
296 722 310 748 ²⁷
316 730 335 762 et
344 737 387 764 corn
396 738 472 775 egresus
480 730 509 765 eet
518 727 542 764 ad
552 731 620 764 terram
630 739 652 764 oc

201 789 258 826 currit
267 787 293 826 illi
302 788 331 826 uir
340 788 418 839 quidam
426 789 459 839 qui
468 789 551 828 habebat
560 791 616 828 demo

201 853 251 892 nium
259 852 297 892 iam
306 854 424 903 temporibus
433 853 497 893 multis
506 860 525 893 et
534 855 647 894 uestimento

201 917 352 955 noninduebatur
361 923 380 955 et
389 917 466 956 indomu
474 929 512 955 non
521 919 609 956 manebat

201 981 234 1018 sed
243 980 387 1018 inmonomentis
396 978 410 1002 ²⁸
416 981 432 1018 is
441 982 511 1019 utuidit
521 981 560 1019 ihm
569 981 654 1031 procedit

201 1052 244 1083 ante
252 1044 304 1083 illum
314 1052 332 1083 et
341 1044 449 1084 exclamans
458 1057 505 1083 uoce
514 1057 584 1095 magna
593 1045 642 1083 dixit

202 1109 246 1159 quid
256 1109 302 1147 mihi
311 1114 330 1147 et
338 1108 372 1147 tibi
381 1115 410 1147 est
418 1108 450 1147 ihir
460 1108 492 1147 filii
501 1110 558 1148 dauid
568 1109 653 1148 altissimi

203 1173 286 1213 Obsecro
295 1179 314 1211 te
323 1185 346 1211 ne
356 1185 386 1211 me
394 1178 481 1222 torqueas
490 1172 505 1195 2⁹
514 1174 641 1224 praecipiebat
652 1188 671 1209 a

203 1237 244 1288 spui
253 1236 344 1275 inmundo
352 1237 434 1276 utexiret
443 1237 544 1276 abhomine
553 1236 619 1275 Multis

204 1302 254 1340 enim
264 1301 380 1354 temporibus
389 1301 491 1352 arripiebat
499 1300 551 1341 illurn
560 1308 580 1341 et
588 1301 642 1341 uince

203 1368 259 1405 batur
267 1367 337 1405 catenis
346 1372 364 1404 et
374 1366 489 1417 conpedibus
499 1366 603 1406 custoditus
614 1372 633 1406 et
643 1379 677 1417 rup

204 1431 229 1468 tis
238 1430 317 1467 uinculis
326 1431 418 1479 agebatur
426 1431 526 1467 ademonio
535 1431 628 1467 indeserto

205 1492 220 1515 ³⁰
226 1493 359 1543 INterrogauit
368 1492 421 1532 illurn
430 1493 460 1531 ihs
468 1493 531 1531 dicens
540 1494 591 1542 quod
600 1494 634 1531 tibi
643 1507 668 1532 no

204 1570 247 1596 men
256 1563 284 1595 est
293 1564 312 1596 at
321 1556 353 1595 ille
362 1557 411 1595 dixit
420 1556 469 1608 legio
478 1557 522 1607 quia
531 1558 604 1596 intrare

203 1627 246 1661 runt
255 1622 344 1660 demonia
353 1621 413 1660 multo
421 1622 485 1661 ineum
492 1636 521 1661 ι-
530 1620 544 1644 ³1
551 1621 578 1661 Et
587 1622 678 1673 rogabant

204 1699 245 1725 eum
255 1699 278 1724 ne
287 1687 388 1737 imperaret
399 1686 435 1724 illis
444 1686 567 1725 utinabissum
577 1686 625 1724 irent

204 1748 219 1772 ³2
225 1750 272 1788 Erat
281 1756 344 1788 autem
353 1750 378 1787 ibi
387 1762 435 1799 grex
444 1762 542 1800 porcorum
552 1749 633 1789 multorr'r

206 1815 321 1863 pascentium
331 1814 414 1852 inmorrte
423 1818 442 1852 et
453 1814 544 1863 rogabant
553 1826 596 1852 eum

205 1878 334 1927 utpermiteret
343 1878 369 1915 eis
378 1878 397 1914 in
406 1877 448 1915 illos
457 1878 529 1928 ingredi
538 1882 558 1915 et
566 1877 660 1927 permissit

125 1993 142 2021 24
152 1981 236 2012 transiliitas
241 1991 256 2018 νῇ
262 1982 284 2011 ior
290 1980 388 2020 tranquillitas,
487 1978 529 2009 dauid
536 1979 558 2008 ior
564 1979 592 2009 dei.
670 2018 672 2022 ,

125 2039 141 2069 25
152 2031 176 2061 Di
182 2040 198 2068 ⁷2
203 2030 225 2059 ior
230 2030 275 2059 Dixit.
302 2028 428 2058 dieentesadinui-
478 2036 495 2066 ²9
505 2027 573 2056 inmundo
583 2026 667 2066 adffflqlr
677 2027 707 2057 dim
716 2038 731 2065 η
738 2032 764 2067 gat
773 2038 783 2063 μ

105 2089 136 2111 cem
145 2080 196 2119 deu
205 2082 231 2118 gat
240 2077 266 2107 VO
275 2077 297 2107 ior
306 2077 325 2107 ad
336 2076 395 2106 invicem
408 2076 428 2107 di·
458 2073 592 2105 VOiorimmuudo.
618 2075 783 2116 uincebatumgatffll

105 2134 155 2159 centes.
185 2125 430 2165 uentisimperatetmarisqr¹12p
458 2123 576 2154 forvinoiebutur.
604 2124 781 2164 conpedibusioreorn..

105 2181 129 2216 gat
135 2176 161 2206 VO
167 2176 189 2205 for
195 2176 240 2205 ventis
246 2179 260 2205 et
267 2174 303 2204 utari
308 2174 373 2212 imperat.
484 2171 538 2201 deserto
542 2171 563 2201 ior
570 2173 630 2202 deserta.
654 2172 720 2203 demonio
726 2182 747 2212 qr
753 2172 783 2203 dim

124 2225 142 2254 26
150 2224 246 2264 gerusinomm
257 2232 284 2258 We
294 2223 309 2258 D
321 2223 343 2251 tor
353 2221 430 2250 Geraseno-
459 2219 494 2248 Dte
500 2219 539 2255 r2W
545 2219 567 2248 ior
573 2220 652 2249 daemonio.

105 2282 140 2303 rum.
172 2270 240 2309 galileam
247 2270 308 2310 sffqrp
321 2269 351 2298 dim
362 2269 399 2298 codd
409 2269 430 2298 for
478 2277 496 2306 50
508 2271 570 2296 -autem
582 2268 629 2297 beloto
639 2267 680 2298 illum
692 2271 721 2309 gat.
759 2269 784 2301 de·

105 2321 189 2351 Galilaeaun
459 2316 540 2355 mmdaqr2
546 2316 643 2347 dimDffW
649 2316 672 2347 for
678 2316 758 2348 daemonia.

124 2376 141 2408 πῖ
151 2378 208 2408 egresus
214 2368 252 2407 (gat)
259 2369 282 2397 eet
287 2368 309 2397 ior
315 2375 379 2406 egressus
387 2369 430 2395 esset.
459 2364 544 2394 intrauerunt
551 2364 572 2393 ior
578 2365 668 2394 intraverant.

133 2418 214 2448 demonium
216 2416 243 2456 ffp
247 2426 274 2453 rzp
281 2416 340 2445 ΒΝ
346 2414 368 2444 for
373 2415 431 2444 daemo-
481 2413 529 2442 Verres
535 2420 553 2449 30
559 2416 572 2442 io
578 2422 596 2451 49
603 2422 627 2443 are
634 2414 700 2453 aounting
705 2414 721 2444 in
727 2424 738 2445 e.

105 2466 149 2497 nium.
175 2469 189 2495 et
194 2465 251 2494 iudomu
256 2474 284 2494 non
289 2463 354 2494 mouebat
359 2464 430 2502 iorneque
478 2468 495 2499 51
506 2469 538 2490 eum
548 2460 570 2490 for
582 2460 627 2491 illum.
663 2463 725 2492 abissum
734 2462 783 2492 bD'tP

106 2515 120 2543 in
130 2515 173 2544 domo
184 2514 254 2542 manebat.
282 2511 378 2541 monomentis
389 2521 404 2546 νᾖ
415 2510 431 2547 (d
459 2508 536 2536 Hamilton
543 2508 641 2537 oTWtrrox
648 2510 718 2547 abyssum.

106 2559 204 2598 monimentis)
210 2559 232 2589 ior
239 2559 338 2588 monumentis.
479 2564 495 2594 3²
504 2555 614 2595 permiteretgn
618 2556 640 2586 ior
644 2558 733 2596 permitteret.
753 2566 784 2598 per·

127 2611 144 2640 28
154 2603 217 2649 procedit
222 2607 312 2646 rffpgatdim
317 2607 343 2636 dur
350 2607 430 2644 tDEffQ
460 2605 505 2634 missit
511 2614 526 2641 η
532 2607 557 2643 gat
564 2604 578 2633 D
583 2604 599 2633 ff
604 2605 626 2635 for
632 2606 699 2644 permisit.

106 2661 128 2690 ior
135 2657 200 2699 procidit.
228 2656 254 2685 iilii
261 2660 286 2695 gat
294 2664 308 2692 η
317 2655 354 2685 codd
364 2654 386 2684 ior
395 2653 429 2684 Fili.
