1598 2809
29 84 110 121 ‘Mirr
118 92 156 119 xrrr.
166 80 195 131 3²]
231 83 283 119 THE
295 81 383 120 CELTIC
396 83 498 121 GOSPELS
669 95 700 131 149

139 164 251 204 nonfuerunt
259 164 338 203 abinitio
347 170 441 204 creaturae
449 177 506 215 quarn
515 166 599 206 condidit
606 166 628 205 ds

140 242 199 279 usque
207 242 255 267 nunc
264 242 326 279 neque
334 228 380 268 fient
385 226 399 281 J
404 230 464 268 omnis
474 242 516 268 caro
525 231 557 269 sed
567 243 615 281 prop

140 290 155 315 ²⁰
162 292 187 329 Et
196 292 231 330 nisi
240 292 342 330 breniasset
350 292 386 330 dns
395 292 435 330 dies
443 293 545 342 nonluisset
553 293 605 332 salua

140 362 168 395 ter
176 356 246 395 electos
255 369 301 406 qnos
310 357 366 408 elegit
375 357 467 396 breuiabit
476 358 515 396 dies
520 355 533 409 s
539 369 560 396 ce
568 358 605 396 illic

141 420 155 444 ²¹
162 422 188 460 Et
196 427 241 459 tunc
250 422 307 471 siquis
316 421 370 460 uobis
378 421 448 459 dixerit
457 433 499 460 ecee
508 421 537 458 hic
547 426 575 460 est
583 427 641 470 xpsec

141 499 165 524 ne
174 485 289 524 credideritis
296 483 311 506 ²²
318 485 427 535 Exsurgent
436 486 485 523 enirn
494 484 585 534 seodoxpi
595 491 614 523 et
622 498 642 524 se

142 549 179 586 udo
188 549 272 599 profetae
280 554 299 586 et
308 548 380 587 dabunt
389 547 442 598 signa
451 553 471 586 et
479 553 566 598 portenta
576 549 600 586 ad

142 613 256 663 seducendos
265 613 314 663 sipot
323 619 352 652 est
360 612 400 650 fieri
409 613 465 651 etiarn
475 612 544 651 electos
550 610 564 634 ²³
572 625 605 651 uos

142 690 186 727 ergo
195 678 257 716 uidete
267 690 309 716 ecce
317 676 402 726 praedixi
411 677 465 715 uobis
474 677 537 715 omnia
543 675 559 699 ²²
566 676 603 716 Sed

142 740 178 777 illis
188 741 254 778 diebus
264 746 307 791 post
315 740 453 778 tribulationem
462 738 513 777 illam
522 739 550 777 sol
671 745 704 778 201

142 804 307 842 contenebrabitur
315 810 334 842 et
343 804 388 842 luna
396 804 487 843 nondabit
496 803 575 854 splendo

143 881 181 907 rem
191 881 246 906 suurn
252 868 267 891 ²⁵
274 875 293 907 et
302 875 355 907 erunt
363 866 428 907 stellae
437 867 482 906 caeli
491 868 591 906 discenden

42 927 43 930 ¹
143 938 171 972 tes
180 938 199 971 et
208 933 286 972 uirtutes
297 938 397 984 quaesunt
406 932 469 971 inaelis
478 931 586 972 mouebunt'

109 1020 111 1024 ›
144 995 158 1019 ²⁶
165 997 191 1033 Et
199 1001 244 1034 tunc
253 996 342 1034 uidebnnt
351 996 409 1033 filiurn
419 996 499 1034 hominis
508 996 613 1035 uenientem

144 1059 243 1097 innubibus
252 1059 297 1098 caeli
307 1072 348 1098 cunr
358 1059 428 1097 uirtute
437 1058 496 1096 multa
505 1064 524 1096 et
533 1058 591 1108 gloria

143 1123 158 1147 ²⁷
164 1129 183 1162 et
192 1129 237 1162 tunc
246 1123 309 1162 rnittet
317 1124 439 1174 angelossnos
447 1128 466 1161 et
475 1123 598 1174 congregabit
607 1123 636 1163 ele

144 1194 184 1227 ctos
193 1201 235 1227 suos
245 1194 336 1237 aquatuor
345 1187 406 1226 uentis
415 1200 511 1226 assummo
519 1192 579 1226 terrae

144 1265 202 1302 usqne
211 1253 330 1291 adsummum
339 1252 385 1290 caeli
393 1250 407 1272 ²²
414 1252 462 1290 aficii
471 1258 535 1290 autern
544 1252 610 1290 arbore

144 1315 210 1353 discite
219 1314 328 1365 parabulam
337 1327 380 1354 curn
389 1315 425 1352 ianr
435 1326 497 1352 ramus
508 1315 546 1352 eius
555 1321 608 1353 tener

145 1377 200 1416 fuerit
209 1385 228 1417 et
236 1378 280 1416 folia
288 1382 332 1416 nata
341 1377 408 1416 suerint
417 1377 532 1428 cognoscetis
541 1378 585 1428 quia
594 1378 613 1416 in

145 1443 234 1494 proximo
243 1444 267 1481 sit
275 1447 337 1482 aestas
342 1442 357 1464 ²²
364 1442 390 1481 sic
399 1447 418 1481 et
427 1455 461 1481 uos
470 1455 512 1481 cum
521 1443 610 1481 uideretis
618 1443 643 1483 ha

146 1519 167 1545 ec
175 1507 238 1545 omnio
247 1506 287 1545 fieri
296 1507 363 1545 scitote
371 1507 421 1555 quod
431 1506 538 1556 inproximo
547 1508 571 1545 sit
580 1508 621 1546 inos

144 1571 175 1611 tiis
181 1570 196 1593 ³⁰
203 1570 356 1610 amendicouobis
365 1570 454 1620 quoniam
463 1571 580 1610 nontransiet
590 1584 614 1623 ge

146 1635 218 1673 neratio
226 1637 273 1673 haec
283 1637 342 1673 donec
351 1634 415 1672 omnia
423 1635 460 1672 ista
469 1633 536 1672 fiant³1
542 1636 604 1673 calum

146 1704 210 1736 autern
220 1704 239 1735 et
247 1704 297 1736 terra
305 1698 411 1736 transibunt
420 1698 477 1735 uerba
486 1703 549 1736 autem
558 1711 600 1737 rnen

147 1762 290 1801 nontransibunt
296 1760 309 1815 s
315 1761 352 1812 geli
361 1761 433 1800 incaelo
442 1773 503 1811 neque
511 1762 560 1802 filius
570 1763 604 1801 nisi

146 1826 160 1848 ³²
168 1827 229 1865 Dedie
238 1833 301 1865 autern
310 1826 342 1864 illo
351 1827 381 1865 uel
390 1826 436 1864 hora
445 1839 501 1865 nemo
510 1827 545 1866 scit
554 1840 615 1878 neque
624 1841 647 1867 an

57 1913 74 1934 ro
83 1905 154 1935 breuiabit
160 1905 182 1934 for
188 1905 263 1935 breviavit.
391 1904 486 1944 congregabit.
515 1915 586 1936 assummo
593 1916 607 1945 r2
613 1907 635 1937 for
640 1917 649 1936 a
654 1916 714 1938 summo.

56 1960 72 1980 aa
83 1952 152 1989 seodorfii
163 1953 185 1982 sor
194 1953 301 1992 pseudochristi.
330 1953 362 1982 The
410 1954 428 1982 28
438 1952 475 1982 nficii
482 1953 553 1983 foraiieu.
580 1953 714 1994 VO'sficiisnrong

38 2004 62 2038 top
69 2001 85 2031 oi
91 2000 116 2031 the
122 2001 152 2031 first
161 2011 168 2031 o
177 2001 203 2030 hns
212 2002 248 2031 been
257 2002 305 2039 partly
314 2001 363 2031 erased
391 2010 406 2029 as
413 2000 442 2030 ficii
452 2001 464 2029 is
474 2001 511 2031 clear
517 2001 578 2040 enough.
610 2003 673 2032 rathere
679 2012 689 2032 a
695 2003 713 2041 Q.

39 2048 53 2077 in
60 2049 137 2079 correction
141 2053 157 2079 to
162 2049 210 2079 sendo.
238 2048 306 2087 VOgives
311 2049 363 2078 ‘sebdo
414 2047 498 2086 parabolam
504 2048 530 2078 her
534 2050 595 2088 gatr2R
600 2049 713 2088 lorparabolam.

38 2095 58 2124 L*
64 2095 74 2134 ²,
81 2108 96 2126 as
102 2096 157 2136 though
165 2097 189 2126 the
197 2101 223 2136 top
230 2097 246 2126 oi
254 2108 263 2126 a
272 2097 280 2126 b
289 2097 318 2126 had
328 2096 362 2126 been
418 2095 454 2125 folia
469 2100 502 2126 nata
515 2096 565 2127 inerint
578 2099 603 2134 gat
616 2097 630 2135 Q
642 2097 664 2126 tor
680 2103 714 2128 nata

39 2146 86 2175 erased
96 2145 138 2175 down
145 2151 160 2176 to
170 2155 178 2175 o
187 2145 242 2175 instead
253 2145 269 2175 os
276 2145 301 2176 the
307 2155 314 2175 o
321 2144 363 2183 being
391 2142 442 2174 suerint
449 2143 487 2174 iolla.

39 2194 86 2223 erased
93 2198 108 2223 to
115 2203 131 2224 n.
160 2193 191 2223 The
198 2194 243 2223 scribe
250 2193 296 2224 writes
303 2193 332 2223 nin
338 2193 363 2224 the
410 2193 418 2223 b
425 2193 438 2223 is
445 2192 506 2232 missing
511 2193 528 2223 in
534 2201 580 2224 verses
587 2193 604 2223 28
611 2196 624 2223 to
631 2201 653 2231 33.

38 2236 71 2271 next
86 2242 119 2272 line.
149 2241 193 2272 sendo
200 2242 264 2280 profetae
276 2252 291 2281 r²
303 2241 329 2272 her
341 2242 363 2272 for
410 2242 497 2279 cognoscetis
509 2242 534 2272 her
546 2247 572 2281 gat
584 2241 633 2280 drpQ
645 2242 682 2273 codd
693 2243 715 2273 ior

8 2301 10 2304 ·
39 2289 174 2327 pseudoprophetae.
203 2290 241 2328 sipot
254 2294 275 2318 est
288 2289 318 2319 fieri
328 2289 363 2319 Ord.
391 2289 481 2327 cognoscitis.

39 2335 50 2363 d
48 2336 120 2374 fflrrllO
127 2336 149 2366 for
155 2337 167 2367 si
173 2336 204 2367 fieri
209 2340 260 2376 potest.
412 2344 429 2374 ²9
439 2335 520 2365 uideretisk
530 2335 543 2373 Q
554 2336 576 2365 lor
584 2335 651 2366 videritis
685 2346 716 2368 ψο-

59 2392 75 2422 25
85 2388 125 2415 erunt
136 2384 185 2415 stellae
195 2384 231 2415 caeli
240 2384 250 2414 t
260 2384 290 2414 dirn
299 2384 316 2413 'd'
326 2384 363 2414 codd
392 2383 432 2412 mnia
438 2383 474 2413 alter
480 2384 516 2413 haec
518 2383 537 2423 ff
538 2394 546 2422 q
553 2383 571 2422 (d
576 2384 624 2414 omnia
630 2384 671 2424 haec)
678 2385 696 2425 Q.

40 2430 61 2461 for
67 2441 77 2463 s.
82 2443 95 2463 c.
100 2443 112 2463 e.
142 2431 238 2463 discendentes
244 2432 266 2462 ior
272 2433 356 2464 decidentes.
410 2440 428 2469 30
438 2431 496 2462 transiet
502 2432 550 2471 adpr
558 2433 584 2462 dur
594 2433 619 2463 her
628 2433 716 2472 QR'tPCT

68 2491 104 2520 qnae
116 2485 149 2511 sunt
162 2482 176 2510 in
189 2481 232 2512 caelis
245 2482 270 2511 her
282 2486 315 2520 gat:
329 2481 363 2511 Ord.
392 2480 430 2510 codd
437 2479 459 2509 ior
465 2480 533 2510 transibit.

40 2527 79 2558 tiu
91 2528 116 2558 VO
129 2529 150 2559 for
163 2529 225 2568 q.i.c.s.
254 2529 294 2566 uelis,
305 2529 333 2568 slip
343 2529 364 2558 tor
410 2538 427 2566 31
437 2528 512 2558 calnmfor
520 2529 579 2560 caelum.
611 2535 674 2562 ÷autem
681 2533 718 2563 after

40 2575 87 2606 caelis.
116 2575 331 2607 mouebunt'iormovebnntur.
392 2575 438 2605 calum
446 2576 483 2613 Aug.

59 2623 76 2652 26
90 2623 140 2654 ÷oaeli
147 2634 162 2662 ep
167 2624 193 2653 her
199 2623 218 2654 D.
411 2632 428 2661 3²
438 2622 463 2653 VO
470 2623 482 2653 is
488 2634 537 2663 wrong
546 2623 578 2656 here
584 2635 600 2656 ns
607 2635 633 2657 our
641 2626 717 2666 rendering

59 2679 75 2711 27
86 2673 178 2713 congregabit
185 2673 215 2712 (her
224 2673 335 2712 congregabunt)
342 2673 364 2702 ior
393 2670 405 2701 is
412 2671 435 2702 nel
441 2676 466 2702 not
473 2677 491 2706 et.
