1598 2809
24 62 107 98 —MutT¹
116 70 152 98 xvt.
162 59 180 112 3]
227 62 279 98 THE
292 62 381 100 CELTIC
393 63 496 101 GOSPELS

135 143 200 194 cipulis
208 145 246 182 suis
255 144 306 183 dixit
314 144 399 182 miserior
408 145 475 183 turbae

135 208 178 246 huic
186 208 230 258 quia
239 208 321 246 triduum
330 215 358 247 est
367 209 425 257 inquo
435 223 488 258 perse

131 278 201 312 uerant
210 267 284 311 mecum
293 278 312 311 et
321 284 359 311 non
368 273 438 312 hahent
447 274 498 324 quod

135 337 247 376 manducent
257 341 276 375 et
285 337 380 376 dimittere
388 349 420 377 eos
429 337 500 377 ieiunos

135 400 179 440 nolo
187 401 300 440 nedeficiant
308 402 359 440 inuia
368 400 383 424 ³³
392 408 411 441 et
419 403 484 441 dicunt
493 403 510 441 ei
519 403 548 442 dis

134 463 190 514 cipuli
200 465 250 504 unde
258 478 303 515 ergo
312 465 365 504 nobis
374 466 464 506 indiserte
472 480 531 516 panes

134 534 198 567 tantos
211 533 232 567 ut
241 534 347 568 saturentur
356 530 423 568 turbae
431 531 485 569 tante

135 589 150 614 ³4
156 596 175 631 et
183 591 210 631 ait
219 590 254 631 iliis
263 591 293 631 ihs
301 593 351 642 quod
361 605 419 644 panes
428 592 501 633 habetis
510 598 530 634 at

135 655 161 694 ilii
170 657 259 695 dixerunt
268 662 341 707 septem
351 662 369 696 et
378 669 448 707 paucos
457 659 526 708 piscicu

135 719 162 759 los
197 719 212 742 ³⁵
220 720 246 760 Et
255 720 346 773 praecipit
355 721 421 760 turbae
429 728 451 760 ut
459 723 556 761 discumbe

134 791 176 824 rent
184 797 240 835 super
248 792 317 825 terram
326 785 342 807 ³⁶
348 792 367 825 et
375 789 461 837 accipens
472 788 500 825 ihs
509 789 534 826 uii

134 861 193 899 panes
202 855 221 885 et
230 850 290 900 pisces
299 855 318 886 et
327 851 397 899 gratias
405 863 462 900 agens
472 845 527 901 fregit

135 919 154 952 et
168 913 220 952 dedit
230 913 326 963 discipulis
335 914 373 953 suis
382 919 401 952 et
410 914 496 965 discipuli
506 916 553 955 dede

135 984 178 1017 runt
186 977 277 1016 dederunt
285 977 300 1002 ³⁷
306 984 325 1017 et
334 978 456 1017 comederunt
465 991 530 1019 omnes
539 985 558 1018 et

134 1041 256 1081 saturatisunt
264 1047 284 1081 et
292 1043 343 1093 quod
352 1055 410 1093 super
418 1043 453 1082 fuit
461 1043 527 1095 defrag

135 1107 202 1145 mentis
211 1107 295 1146 tulerunt
303 1107 341 1146 uii.
350 1112 424 1157 sportas
433 1108 498 1158 plenas

135 1169 149 1193 ³⁸
157 1176 209 1210 erant
218 1177 281 1210 auteur
291 1171 484 1221 quimanducauerunt
493 1184 530 1222 qua

134 1239 176 1271 tuar
185 1232 236 1271 milia
247 1233 344 1271 hominurn
354 1239 408 1272 extra
417 1234 506 1284 paruulos

135 1301 154 1335 et
162 1295 245 1335 mulieris
254 1295 268 1317 ³³
275 1296 301 1336 Et
309 1297 378 1336 dimisa
386 1297 442 1336 turba
450 1299 534 1338 aseendit

135 1361 260 1400 innauicuiam
270 1368 289 1401 et
298 1369 388 1401 uenerunt
398 1361 463 1401 infines
473 1376 504 1401 rna

135 1424 192 1475 gidan
228 1424 262 1463 1et
270 1432 388 1464 accesserunt
396 1427 488 1477 pharissei
496 1432 516 1465 et
524 1426 571 1465 sadu

134 1489 162 1528 cei
173 1494 288 1540 temptantes
297 1495 316 1527 et
325 1496 439 1540 rogauerunt
448 1503 491 1529 eurn
501 1497 522 1531 ut
532 1491 562 1542 sig

134 1566 179 1591 num
188 1553 265 1592 decaelo
274 1554 382 1592 ostenderet
392 1555 419 1593 eis
453 1553 496 1594 2Αἵ
504 1554 535 1593 ille

134 1618 249 1667 respondens
257 1616 284 1655 ait
293 1615 320 1655 eis
330 1616 379 1656 facto
388 1630 465 1668 uespere
475 1615 516 1657 dice

134 1682 158 1722 tis
167 1694 253 1721 serenum
262 1681 297 1720 erit
306 1693 346 1720 cras
355 1681 478 1720 rubicundum
487 1687 517 1721 est

135 1745 184 1783 enirn
193 1745 265 1784 caelum
274 1744 306 1783 3et
316 1757 371 1783 mane
380 1745 437 1783 hodie
445 1752 518 1796 tempes

24 1828 89 1868 through.
137 1826 201 1859 miserior
214 1828 263 1858 Rfor
275 1829 347 1858 misereor.
375 1822 654 1868 cfffgludimgatherQWthcodd.
682 1831 703 1860 vii

28 1876 75 1906 ÷huie
89 1877 196 1914 bfhergatQ.
225 1877 286 1906 triduum
299 1876 347 1906 estin
375 1877 459 1915 iorseptem.
480 1876 702 1908 Theserihehaswritteudede·

24 1932 52 1961 quo
68 1924 89 1953 sor
104 1924 151 1953 triduo
163 1923 198 1954 iam.
217 1923 251 1961 Aug
263 1924 277 1952 in
290 1923 312 1953 his
325 1922 348 1952 ue
375 1923 703 1962 runttwicehere‚thesecondhymistakeior

25 1971 236 2001 Consenruhastriduumhere.
257 1970 302 2000 Milne
309 1970 348 2008 gives
375 1971 433 2010 populu.

24 2018 113 2057 Augustiue’s
119 2020 177 2059 reading
186 2020 219 2049 here
226 2019 268 2059 ‘quia
275 2020 347 2048 triduum‘
396 2021 415 2049 In
425 2020 435 2048 k
447 2020 469 2049 all
481 2020 504 2048 tte
516 2024 545 2049 rest
554 2019 571 2059 ο]
581 2019 604 2049 the
617 2023 646 2049 text
655 2019 673 2059 ιγ’
680 2021 702 2051 St.

24 2076 77 2107 among
89 2067 113 2097 the
125 2068 198 2106 examples
210 2067 257 2097 where
268 2066 349 2105 Augustiue
375 2066 535 2107 Matrtcwismissinffi

24 2114 71 2145 differs
79 2119 105 2145 unt
114 2115 147 2154 only
156 2115 193 2146 from
202 2115 226 2145 the
235 2116 253 2146 Ο.
260 2115 277 2145 L.
284 2115 330 2144 where
336 2114 349 2144 it
395 2121 413 2154 37
424 2116 453 2146 .uii.
460 2116 482 2146 dd
486 2121 511 2155 gat
518 2116 548 2145 ER
553 2115 572 2145 W
577 2116 589 2146 F
595 2116 617 2145 ior
623 2119 681 2154 septem.

24 2162 36 2192 is
46 2168 93 2195 extant
105 2164 130 2194 hut
142 2164 179 2194 irorn
191 2165 213 2194 all
221 2164 296 2194 examined
306 2163 348 2193 Latin
396 2165 413 2202 38
422 2168 481 2204 quatuar
490 2165 507 2193 'd‘
516 2165 538 2194 for
548 2169 617 2203 quattuor.
642 2163 702 2194 mnndu-

25 2211 65 2242 MSS.
73 2212 119 2242 nithe
125 2212 192 2250 Vulgate.
376 2216 443 2243 cauerunt
458 2224 467 2252 q
482 2212 516 2250 Aug
537 2212 559 2241 ior
578 2212 700 2243 mandueaueraut.

36 2268 60 2299 ..233
70 2261 137 2291 indiserte
144 2260 165 2290 ior
172 2261 186 2290 in
193 2260 253 2290 deserte.
289 2263 305 2289 ut
311 2263 349 2289 satu·
376 2260 438 2290 mulieris
444 2261 467 2290 ior
473 2260 543 2290 mulieres¹

24 2313 70 2339 rentur
82 2309 131 2340 turbae
144 2311 184 2339 tante
190 2308 205 2349 f
212 2308 237 2338 her
248 2308 263 2348 (q
272 2312 324 2346 tantae,
332 2317 349 2348 ᾗ
395 2316 413 2348 39
422 2308 473 2338 dimisa
481 2309 493 2337 E
502 2308 525 2338 for
534 2307 597 2338 dimissa.
635 2313 702 2339 uenerunt

27 2357 89 2395 -tante)
95 2357 117 2387 ior
122 2361 138 2387 ut
142 2362 219 2388 saturemus
225 2358 281 2387 turbam
290 2361 349 2387 tantam.
376 2357 399 2387 ior
404 2357 448 2387 uenit.
476 2356 544 2395 magidan
550 2357 572 2386 ior
578 2355 652 2395 magedan.

43 2403 350 2444 34qundabdcsffg2quMOZfor
395 2403 598 2443 XVII-adeundeq.
633 2403 703 2443 pharissei

24 2454 62 2489 quot.
377 2452 399 2482 ior
414 2451 489 2491 pharisaei.
524 2451 580 2481 snducei
596 2452 619 2481 her
632 2452 668 2482 RW
681 2453 703 2484 for

43 2507 60 2540 35
70 2501 140 2541 praecipit
157 2499 202 2531 cher
212 2499 308 2539 gatuQu
328 2498 350 2530 sor
378 2499 457 2530 sadducaei.
498 2499 704 2540 temptantesabglgatfih

24 2550 99 2589 praecepit.
128 2548 350 2586 discumbereuthergatsordis·
377 2549 484 2578 fortemtantes.

25 2597 100 2627 cumberet.
397 2595 550 2627 adieetisiordicitis.
582 2598 703 2637 ÷erasgatER

43 2644 60 2680 36
70 2645 135 2688 accipens
146 2645 168 2676 for
178 2645 252 2684 accipiens.
284 2644 350 2677 theat
