1598 2809
22 53 186 106 —Mmr.xrv.1r]
227 56 278 93 THE
291 55 378 93 CELTIC
390 55 493 93 GOSPELS

131 138 171 187 pud
180 150 214 177 nos
223 142 267 176 sunt
276 137 326 176 unde
334 148 379 187 ergo
387 136 430 175 huic
438 137 499 175 omnia
507 138 544 175 ista

133 201 147 224 ⁵⁷
153 209 172 241 et
180 199 354 239 scandalizabantur
363 201 406 239 ineo
416 201 448 238 tha
456 207 520 239 autem
529 201 548 240 di

132 265 162 302 xit
171 264 197 302 eis
230 277 268 302 uon
276 269 305 302 est
314 262 387 314 profeta
395 264 435 302 sine
443 263 514 301 honore
521 265 540 302 ni
606 255 608 257 ¹

131 328 147 366 si
156 328 235 378 inpatria
244 340 278 367 sua
287 334 306 367 et
314 328 392 366 indomu
401 341 435 366 sua
443 324 458 349 ⁵⁸
465 332 484 365 et
492 339 530 365 non

109 385 111 389 ’
131 390 175 430 fecit
184 391 210 430 ibi
219 392 298 431 uirtutes
307 392 376 432 multas
385 398 462 442 propter
474 392 523 431 incre

132 456 230 495 dulitatem
239 456 313 495 illorum
322 455 329 478 ¹
337 456 392 496 Inillo
401 462 487 508 tempore
495 456 539 495 audi

129 521 157 559 uit
167 520 240 559 herodis
249 520 334 559 tetracha
342 521 411 560 famam
420 521 451 559 ihu
461 519 494 559 2et
502 521 529 558 ait

130 585 192 634 pueris
201 585 239 622 suis
248 584 278 624 hic
287 591 315 623 est
323 585 408 624 iohannis
418 584 494 624 babtiza

130 648 169 698 ipse
178 648 260 686 surrexit
268 643 359 686 amortuis
368 654 387 686 et
395 648 438 687 ideo
447 647 526 686 uirtutes

130 716 218 762 operatur
227 711 268 750 ineo
304 710 311 732 ³
319 711 396 750 Hirodis
404 712 453 750 enim
462 711 525 749 timuit

130 776 230 814 iohannem
239 782 259 815 et
267 775 352 825 alligauit
361 788 404 815 eum
413 777 469 814 adem
478 780 537 815 uxore

129 840 189 879 fratris
198 839 226 878 sui
234 838 323 879 4dicebat
332 840 381 879 enim
390 839 417 879 illi
426 840 511 879 iohannis

127 904 207 943 nonlicet
217 904 250 943 tibi
258 904 327 943 hauere
336 917 377 944 eam
386 903 418 943 ⁵et
427 904 492 943 uolens
501 917 544 943 eum

129 967 212 1006 occidere
221 967 284 1005 timuit
292 968 383 1018 populum
392 969 436 1017 quia
447 969 494 1006 sient

128 1032 219 1081 profetam
229 1043 271 1070 eum
280 1030 376 1070 habebant
407 1028 420 1083 s
425 1031 450 1069 lia
458 1030 524 1069 herodi

129 1096 135 1117 ὓ
143 1096 180 1133 Die
188 1102 251 1133 autem
260 1095 328 1134 natalis
336 1095 412 1151 herodis·
419 1094 496 1134 saltauit
504 1095 517 1133 fi

128 1159 169 1198 adis
178 1159 260 1198 inmedio
268 1164 287 1197 et
296 1159 365 1209 placuit
374 1158 439 1198 herodi
448 1157 511 1198 ⁷unde

128 1234 170 1261 cum
179 1221 386 1272 iuramentopollicitus
393 1228 422 1261 est
431 1222 448 1261 ei
457 1221 502 1261 dare

127 1286 177 1336 quod
187 1298 229 1323 cum
238 1298 274 1335 qne
285 1286 397 1334 postolasset
405 1285 453 1325 abeo
462 1284 469 1306 ⁸
477 1290 496 1323 at
505 1284 536 1324 illa

127 1349 242 1399 praemonita
251 1355 322 1388 amatre
332 1350 398 1389 suada
407 1349 453 1388 mihi
462 1349 522 1400 inquit

126 1414 156 1452 hic
165 1414 237 1452 indisco
245 1420 302 1464 caput
310 1414 396 1453 iohannis
404 1414 498 1454 babtistae
507 1412 513 1436 ⁹
521 1419 540 1452 et

126 1478 246 1517 contristatus
255 1486 283 1516 est
292 1491 326 1516 rex
335 1485 411 1529 propter
420 1478 525 1517 iuramenta]

126 1547 145 1581 et
153 1555 186 1581 eos
194 1542 297 1593 quipariter·
306 1543 438 1582 recumbebant
446 1542 490 1582 lusit
499 1543 524 1581 da

125 1607 140 1644 ri
149 1605 164 1628 1⁰
172 1607 232 1645 missit
241 1619 277 1656 que
286 1613 305 1645 et
314 1607 408 1646 decolauit
417 1607 515 1646 iohannem
525 1606 543 1644 in

125 1682 197 1708 carcere
206 1668 221 1693 ¹¹
228 1675 246 1708 et
255 1669 339 1709 adlatum
349 1675 378 1708 est
387 1676 443 1720 caput
451 1670 490 1708 eius
499 1670 547 1707 indis
666 1675 689 1707 64

125 1746 148 1771 co
157 1740 176 1772 et
184 1733 250 1772 datum
259 1738 287 1772 est
296 1733 369 1783 puellae
378 1739 397 1772 et
406 1734 459 1772 dedit
469 1734 524 1772 matri

33 1859 49 1891 57
58 1852 121 1881 Between
134 1849 154 1880 eis
166 1850 193 1880 and
206 1860 234 1880 non
247 1849 280 1880 here
290 1849 303 1881 is
313 1850 337 1880 the
364 1850 376 1881 is
383 1850 399 1881 ol
404 1850 496 1882 herodiadem
502 1850 514 1882 is
521 1850 566 1882 aden.

13 1909 66 1930 reverse
79 1898 95 1929 of
109 1898 133 1929 the
146 1900 178 1929 stab
192 1899 257 1938 showing
269 1900 293 1929 the
306 1899 337 1929 hair
382 1899 467 1939 ⁴plohauuis
472 1900 497 1930 her
503 1902 528 1938 gat
534 1899 557 1929 ior
563 1899 634 1931 iohannes.

12 1948 80 1987 adhering
91 1951 106 1978 to
118 1947 142 1977 the
153 1946 189 1977 sidu.
217 1947 337 1987 profetaqherff
363 1948 520 1978 hauereaforhabere.

13 1998 26 2028 Ο
33 1996 133 2037 lorpropheta.
171 1996 229 2026 ludomu
236 1997 278 2034 rpher
286 1996 299 2025 D
305 1996 336 2025 VR
383 2005 390 2035 5
401 1997 447 2027 eumd
453 1997 462 2027 la
469 1998 478 2027 k
485 1996 509 2027 her
515 1996 535 2027 ld
541 1997 555 2035 Q
561 1997 574 2026 R
581 1997 595 2027 K
600 1997 628 2027 VZ
639 1997 662 2027 for
670 1997 688 2027 il-

12 2045 110 2075 lorindomo.
363 2044 398 2074 lum.
436 2046 506 2084 profetam
521 2045 688 2084 apherffDROlor

30 2092 67 2123 XIV
80 2092 108 2122 Tire
119 2096 148 2121 text
158 2092 197 2130 rffr2
206 2093 220 2121 is
229 2092 290 2131 missing
295 2092 336 2131 from
363 2093 452 2131 prophetam.

12 2141 40 2172 xiv.
51 2149 57 2170 1
65 2144 79 2170 to
84 2141 113 2170 xvi,
123 2149 144 2178 14.
383 2147 391 2181 7
401 2141 418 2171 In
424 2135 509 2181 postolass'et
516 2140 539 2171 the
546 2140 597 2171 second
607 2151 614 2169 o
621 2141 633 2170 is
640 2141 687 2180 partly

31 2198 38 2218 r
49 2188 102 2223 audiuit
109 2188 134 2225 df
135 2198 149 2228 g]
157 2187 181 2227 qu
188 2188 213 2218 her
219 2193 243 2227 gat
248 2189 264 2218 ff
269 2188 282 2218 D
288 2188 300 2219 E
305 2189 336 2227 QR
363 2190 412 2220 erased
418 2194 433 2220 to
440 2198 450 2219 a
457 2190 478 2219 tor
484 2188 573 2228 postulasset.

12 2237 127 2268 WTBKmu
134 2236 160 2266 llil
166 2238 188 2266 lor
193 2237 242 2267 audiit.
267 2237 336 2268 herodisl
383 2238 391 2267 8
401 2237 472 2268 babtistae
485 2238 510 2267 her
520 2237 568 2267 Duc
578 2237 600 2266 ior
611 2237 686 2276 baptistae.

11 2284 81 2325 hergatE
86 2285 99 2314 ll
104 2285 125 2315 lor
130 2284 193 2315 herodes.
223 2285 285 2315 tetracha
292 2284 336 2315 herE
382 2295 391 2325 9
403 2290 466 2316 -autem
472 2285 545 2325 adsffg1
550 2286 572 2314 bk
578 2290 603 2324 gat
609 2286 623 2314 D
630 2286 643 2315 E
651 2287 687 2316 alter

11 2335 32 2364 lor
39 2333 113 2364 tetrarcha.
363 2334 460 2365 iuramentum.
489 2335 522 2364 iusit
528 2334 553 2364 ber
558 2333 574 2363 ff
580 2334 594 2363 R
600 2333 622 2364 lor
628 2333 674 2365 iussit.

30 2390 37 2411 2
48 2382 113 2412 iohannis
119 2381 144 2411 her
150 2386 174 2420 gat
180 2382 194 2411 D
200 2381 230 2411 ER
235 2382 256 2411 sor
262 2382 334 2413 iohannes.
382 2392 399 2412 10
408 2382 454 2412 missit
461 2392 487 2421 que
496 2383 522 2412 her
528 2386 552 2421 gat
558 2382 573 2411 D
583 2382 605 2411 lor
615 2382 686 2423 misitque.

11 2431 67 2461 babtiza
83 2430 105 2460 for
120 2430 186 2468 baptista.
233 2436 298 2469 operatur
314 2432 335 2461 lor
362 2430 446 2461 deeolanitb
450 2431 468 2469 ff
470 2429 580 2470 g1lrheeror
586 2429 667 2463 deeollauit.

10 2483 89 2518 operantur.
382 2488 404 2508 ιι.
416 2479 478 2507 adlatum
485 2478 601 2517 bdffgpkqher
607 2483 632 2516 gat
639 2480 687 2520 ἕως

29 2525 259 2566 3Hirudisglherlorherodes.
288 2527 335 2558 timuit
362 2526 536 2558 DECTttlorallatum.
562 2525 686 2568 TheCauterbury

10 2575 32 2605 lor
44 2575 93 2605 tenuit.
134 2578 164 2604 —et
177 2575 225 2614 posuit
238 2574 252 2604 iu
264 2584 334 2606 carcerem
361 2575 402 2605 Bible
418 2575 458 2605 reads
472 2575 540 2605 ablatum
578 2575 618 2605 dedit
634 2576 648 2606 R
663 2578 686 2606 for

9 2628 66 2663 propter
72 2622 122 2653 herodi
129 2622 164 2654 after
169 2633 205 2653 eum.
226 2622 252 2653 All
258 2623 289 2654 that
295 2623 334 2654 there
361 2623 399 2654 tulit.
