1598 2809
276 73 328 109 THE
340 73 428 112 CELTIC
440 73 544 111 GOSPELS
602 71 669 123 [Manu
677 83 692 109 u.
703 83 747 119 37—-

183 168 204 192 se
212 155 247 191 nisi
256 160 332 203 petrum
341 161 361 193 et
369 156 455 193 iacobum
465 161 484 193 et
492 155 592 193 iohannem
602 155 657 193 fratria

183 216 243 255 iacobi
252 215 267 238 ³⁸
272 222 291 254 et
301 217 379 255 ueniunt
387 218 484 256 indomum
493 216 544 254 archi
553 217 637 268 sinagogi
646 223 665 255 et
674 216 692 253 ui

184 279 323 320 dit-tumultum
332 285 351 320 ct
359 280 424 320 flentes
433 280 563 331 ethieiulantes
571 280 651 320 multum

184 343 198 365 ³⁹
204 349 223 382 et
233 344 318 395 ingresus
327 345 353 383 ait
362 345 388 383 eis
397 345 442 395 quid
451 345 552 383 turbamini
562 351 580 384 et
589 344 666 396 ploratis
675 356 709 395 pu,

133 407 134 410 ’
185 407 222 446 ella
231 415 299 447 nonest
308 415 382 447 mortua
391 409 424 447 sed
433 408 502 447 dormit
510 407 550 447 4⁰et
559 409 665 447 inridebant

185 484 229 509 eum
238 472 278 521 ipse
286 485 331 510 uero
340 472 392 510 iectis
401 472 488 510 omnibus
496 472 601 523 adsumpsit
609 486 634 523 pa

184 541 233 574 trem
242 541 261 574 et
270 541 349 574 matrem
358 535 433 586 puellae
441 540 460 575 et
468 536 563 587 quisecum
573 541 625 575 erant
634 541 653 574 et
662 535 681 574 in

184 599 268 649 graditur
276 599 348 638 ubierat
356 600 419 650 puella
428 601 489 639 iacens
497 597 513 623 ‘²¹
519 606 538 639 et
547 606 611 639 tenens
620 604 676 639 manu

185 663 259 713 puellae
268 664 294 701 ait
303 663 330 700 illi
339 664 413 702 tabitha
422 664 470 702 comi
478 665 529 713 quod
539 671 567 703 est
576 664 630 702 intibi
638 664 657 702 di

184 740 206 766 co
215 739 269 777 surge
277 725 293 749 4²
299 732 318 765 et
326 727 424 766 confestim
433 728 514 766 surrexit
523 727 587 779 pneiia
596 735 614 767 et
623 726 699 766 ambula

184 792 217 829 bat
226 797 265 828 erat
273 796 337 828 autem
346 792 466 829 annorumxii
476 798 494 829 et
503 793 640 841 obstupuerunt

184 866 249 893 omnes
258 860 335 904 stupore
344 854 429 893 maximo
440 853 454 876 ⁴³
460 860 478 892 et
487 855 578 906 praecipit
587 855 623 894 iliis
632 854 674 894 uehi

184 923 255 957 menter
264 923 342 957 utnemo
351 918 369 957 id
379 918 434 957 sciret
443 925 462 957 et
471 918 521 958 dixit
530 920 570 958 dari
579 918 605 957 illi
614 918 684 958 mandu

184 995 226 1021 care
234 981 241 1004 ¹
248 988 267 1021 et
275 995 351 1033 egresus
360 982 404 1021 inde
413 982 453 1021 abit
462 982 562 1032 inpatriam
571 996 624 1021 suam
634 989 653 1022 et
661 995 681 1021 se

183 1047 300 1097 quaebantur
309 1046 361 1085 iilum
371 1046 458 1097 discipuli
467 1047 505 1085 eius
514 1045 546 1086 2et
555 1046 605 1086 facto
614 1048 648 1086 sab

154 1135 155 1138 =
183 1109 230 1149 bato
238 1109 299 1156 caepit
308 1108 415 1157 insinagoga
424 1108 491 1145 docere
500 1113 519 1159 et
529 1108 583 1145 multi
592 1109 661 1146 audien
713 1111 747 1145 164

183 1177 212 1210 tes
221 1170 361 1210 admirabantur
370 1171 468 1209 indoctrna
476 1170 516 1209 eius
525 1166 608 1210 dicentes
618 1172 667 1210 unde

184 1235 228 1273 hnic
236 1234 282 1273 haec
291 1235 354 1273 omnia
362 1246 410 1284 quae
419 1239 447 1273 est
456 1235 547 1284 sapientia
556 1247 604 1285 quae
614 1236 659 1273 data

184 1304 212 1338 est
220 1297 247 1335 ilii
257 1304 276 1337 et
285 1297 412 1337 uirtutestales
421 1310 468 1347 quae
476 1310 577 1348 permanus
586 1299 626 1337 eius
635 1298 655 1337 ef

183 1362 270 1401 ficiuntur
279 1361 352 1401 ³nonne
361 1362 397 1401 iste
406 1368 434 1400 est
443 1361 492 1400 filius
501 1362 549 1401 iabri
558 1368 576 1401 et
586 1363 632 1402 mari

183 1440 206 1466 ae
217 1426 273 1465 frater
282 1426 342 1464 iacobi
352 1431 370 1465 et
379 1425 444 1476 ioseph
454 1431 472 1464 et
482 1426 538 1465 iudae
546 1432 564 1465 et
574 1427 651 1466 simonis

183 1502 245 1529 nonne
254 1503 326 1528 sorores
335 1490 365 1527 hic
374 1489 429 1527 nobis
438 1502 480 1527 cum
490 1495 562 1528 suntet
570 1492 640 1529 scando

182 1554 287 1593 litabantur·
296 1553 348 1592 iniiio
356 1552 388 1592 4et
397 1553 472 1591 dicebat
481 1553 516 1591 iilis
525 1554 554 1592 ins
563 1555 645 1603 quianon

182 1624 211 1658 est
220 1618 293 1668 profeta
302 1618 342 1657 sine
350 1618 421 1656 honore
430 1616 465 1655 nisi
474 1617 553 1667 inpatria
561 1629 595 1656 sua
637 1617 640 1622 ’

184 1688 203 1723 et
212 1683 346 1732 incognatione
354 1694 388 1720 sua
397 1687 415 1719 et
425 1681 502 1719 indomo
511 1693 545 1719 sua
554 1680 586 1720 .⁵et
595 1693 658 1732 nonpo

72 1782 116 1821 sequi.
145 1780 396 1820 iohannembefffqrhergatVO
424 1780 475 1809 decim.
512 1781 656 1818 ÷on1nesdhergat2
687 1782 749 1811 marimo

72 1830 173 1860 iorlonnnem.
424 1827 575 1866 igarnfarmagno,
594 1829 615 1859 St.
622 1829 749 1868 Jeromecbanged

91 1879 108 1916 38
119 1877 396 1917 archisinagogiherforarchisynagogi.
424 1877 449 1906 the
454 1877 566 1916 0.L.magnoto
571 1878 639 1907 maximo.
652 1878 678 1908 See
683 1879 749 1909 Turner's

99 1928 135 1957 uidit
137 1927 187 1967 fffhl
196 1930 222 1965 gat
233 1926 264 1964 EQ
276 1926 312 1956 codd
322 1926 344 1955 ior
353 1926 396 1955 videt.
424 1929 457 1955 note
462 1934 480 1955 on
484 1925 512 1955 this
517 1926 532 1954 in
539 1925 568 1955 Tlra
575 1926 635 1964 Vulgata
640 1927 699 1966 Gospen,
705 1936 720 1966 p.
725 1935 748 1966 9²·

97 1974 196 2006 ethieiulantes
202 1977 227 2013 gat
233 1973 247 2013 (e
253 1972 332 2004 niulantes:
342 1973 396 2004 Eheiu-
443 1982 461 2011 43
471 1973 573 2013 praecipither
582 1973 608 2004 dur
615 1974 632 2004 ff
638 1974 670 2013 QR
679 1976 701 2005 for
709 1985 749 2015 prae-

72 2025 124 2063 lantes)
131 2024 153 2054 for
158 2028 173 2054 et
179 2023 252 2054 eiulantes.
425 2023 466 2062 oepit.
487 2023 574 2053 uehimenter
580 2023 590 2053 d
596 2027 621 2062 gat
628 2024 649 2053 ior
655 2024 749 2055 vehementer.

91 2080 109 2111 39
118 2071 182 2110 ingresus
188 2070 213 2101 her
219 2074 244 2109 gat
250 2070 264 2099 R
270 2070 291 2099 for
297 2070 371 2109 ingressus.
443 2071 465 2100 VI
476 2079 482 2099 1
493 2081 549 2110 egresns
556 2070 565 2099 d
572 2074 597 2110 gat
603 2071 625 2101 for
631 2081 699 2110 egressus.
720 2073 749 2103 abit

74 2118 248 2158 eisshgatVOiorillis.
344 2154 346 2159 Ι
425 2118 492 2148 iorabiit.
519 2119 750 2159 seqnaebantnrEforsequeban-

91 2175 110 2206 40
119 2166 199 2197 inridebant
208 2164 397 2205 oeffflrrherEVOffiq
424 2169 451 2196 tur.
480 2165 594 2197 iilumiorenm.
624 2167 744 2206 eiusgatiorsui.

74 2215 163 2253 deridebant)
173 2215 196 2245 ior
205 2213 286 2244 irridebant.
314 2212 353 2243 iectis
363 2213 373 2243 Ir
382 2214 397 2243 D
455 2214 503 2244 Vertar
510 2223 517 2243 2
525 2217 538 2244 to
546 2213 563 2243 26
570 2223 595 2244 are
601 2214 663 2254 missing
668 2216 685 2245 in
693 2218 709 2247 Σλ

73 2264 98 2294 her
108 2264 131 2293 for
143 2264 194 2294 eiectis.
228 2262 307 2302 adsumpsit
313 2263 342 2291 uD
349 2262 366 2291 Ξ
372 2262 397 2291 her
445 2272 452 2291 a
460 2263 507 2301 caepit
511 2262 590 2301 forcoepit
602 2263 672 2303 sinagoga
676 2265 701 2295 her
705 2266 750 2304 gat?

73 2312 235 2343 GoTzforassumit.
264 2311 399 2351 eratpueiiaades
425 2310 555 2350 NTiorsynagoga.
568 2311 749 2353 doctrnaiordoctrinaci.

73 2361 96 2400 aq
102 2362 127 2391 her
133 2365 158 2400 gat
164 2361 189 2391 VO
195 2362 217 2391 ior
223 2371 237 2400 p.
246 2370 258 2390 e.
425 2369 469 2398 regna
475 2359 508 2389 insti
513 2360 540 2389 Mt.
545 2360 569 2389 xii.
574 2369 597 2398 μ,
619 2365 648 2391 —et
655 2362 703 2392 before
708 2373 750 2403 qnae.

91 2417 108 2448 41
119 2409 174 2440 tabitha
182 2409 220 2440 comi
228 2408 254 2438 her
261 2411 285 2447 gat
294 2409 327 2447 DQ
334 2408 347 2447 (e
356 2408 398 2437 tabea
445 2415 453 2444 5
463 2407 490 2436 iste
496 2407 521 2436 her
528 2411 552 2446 gat
562 2408 584 2437 for
590 2408 617 2438 hic.
646 2409 684 2440 filius
693 2410 729 2440 fabri
736 2415 749 2441 et

73 2457 130 2488 aouitha
136 2457 190 2497 cumbi)
198 2458 220 2488 ior
226 2456 277 2487 talitha
284 2457 331 2488 cumi..
355 2456 397 2486 intibi
426 2456 478 2486 mariae
485 2464 499 2493 η
506 2455 532 2485 dur
538 2456 560 2486 ior
566 2456 610 2494 faber,
617 2456 655 2488 filins
661 2458 720 2490 Mariae.

73 2505 106 2535 dico
115 2506 137 2536 ior
147 2505 253 2545 interpretatum
262 2504 311 2536 Puella
322 2505 349 2535 tibi
360 2504 397 2535 dico.
429 2507 459 2534 —et
470 2503 506 2534 aiter
518 2503 542 2534 the
553 2504 605 2535 second
612 2515 659 2537 nonne
667 2506 711 2546 bQR
719 2512 750 2547 gat.

74 2554 115 2583 After
123 2554 140 2583 in
148 2554 172 2584 the
179 2554 226 2584 letters
234 2557 327 2593 terpretatnm
333 2553 367 2583 with
374 2553 398 2583 the
456 2553 502 2582 —eius
509 2552 543 2582 aiter
550 2563 604 2583 sorores
611 2554 628 2583 R.
672 2568 674 2574 ·

74 2602 113 2632 word
119 2602 169 2633 Puella
175 2602 211 2633 have
217 2602 252 2632 been
258 2602 323 2632 omitted.
445 2609 455 2640 4
464 2600 520 2639 profeta
532 2611 539 2631 e
539 2601 558 2641 ff
564 2602 604 2641 qu
611 2603 627 2632 d>
639 2603 661 2633 ior
676 2604 749 2645 propheta.

92 2660 110 2688 4²
120 2650 140 2680 xii
153 2651 227 2690 obasffD
233 2651 286 2681 ERW
295 2655 319 2689 gat
330 2650 353 2681 ior
362 2650 398 2680 duo·
454 2650 469 2679 in
475 2650 559 2688 cognatione
564 2660 588 2681 sua
594 2656 607 2682 et
614 2653 629 2681 in
634 2652 678 2683 domo
685 2653 750 2691 suafher
