1598 2809
271 107 323 142 THE
335 106 424 143 CELTIC
436 106 539 143 GOSPELS
578 105 645 155 [Mirr.
654 116 744 142 xx1.11—

180 187 222 228 reth
231 187 310 238 galileae
344 186 359 211 ¹¹
367 188 393 228 Et
402 187 478 228 intrauit
487 188 515 227 ihs
524 187 604 239 intempl

181 264 213 290 um
222 253 242 290 di
251 258 269 290 et
278 253 352 291 iecebat
361 265 426 291 ornnes
435 253 536 290 uendentes
545 257 563 290 et
573 264 603 290 em

181 320 233 353 entes
242 315 334 365 intemplo
343 322 362 353 et
371 328 444 353 menses
452 315 577 353 nummulario

182 390 224 418 rum
233 384 252 418 et
261 380 359 419 cathedras
367 379 489 418 uendentium
497 377 559 418 colum

182 445 215 482 bas
225 444 293 482 euertit
302 443 341 481 ¹³et
350 444 394 481 dicit
403 443 430 480 eis
439 443 528 493 scriptum
537 448 565 480 est
574 444 599 482 do

183 519 224 546 mus
234 520 276 546 mea
285 509 352 546 domus
361 506 449 545 orationis
457 505 556 545 uocabitur

184 585 217 609 uos
226 578 290 610 autem
300 570 369 609 fecistis
378 569 429 609 illam
438 568 546 620 speloncam
554 569 573 609 la

183 641 258 674 tronum
292 633 308 657 ¹¹
315 635 341 674 Et
349 640 466 674 accesserunt
475 635 542 673 adeum
551 635 589 673 ceci
599 640 618 674 et

184 699 244 740 claudi
253 699 344 748 intemplo
354 705 373 739 et
382 699 453 739 sanauit
462 711 494 738 eos
502 696 517 721 ¹⁵
525 699 588 738 Uiden

184 769 211 800 tes
220 768 283 800 autem
292 764 384 812 principes
393 762 510 801 sacerdotum
520 768 539 800 er

184 825 255 865 scribae
265 824 368 864 mirabililia
377 838 425 876 quae
434 823 478 864 fecit
486 831 506 863 et
514 838 552 875 pue

183 903 214 929 ros
223 889 326 928 clamantes
336 890 427 938 intemplo
436 895 455 927 et
464 889 548 927 dicentes
556 902 577 927 os

185 965 243 991 sanna
252 952 278 990 fili
287 953 345 991 dauid
354 952 446 1003 indignati
455 957 498 990 sunt
507 950 522 974 ¹¹
528 958 547 991 et
556 952 589 991 dix

186 1022 240 1055 erunt
249 1015 266 1055 ei
275 1016 328 1055 audis
337 1017 382 1065 quid
391 1016 421 1054 isti
430 1016 495 1054 dicunt
503 1016 532 1053 ihs
540 1021 584 1054 aute

186 1079 235 1118 dixit
244 1080 270 1117 eis
279 1079 343 1128 utique
352 1091 454 1128 numquam
464 1078 534 1127 legIstis
543 1079 586 1127 quia

187 1154 244 1181 exore
253 1141 352 1180 infantium
361 1147 380 1179 et
388 1140 499 1180 lactantium
508 1142 581 1192 perficis

186 1208 202 1245 ti
210 1206 286 1245 laudem
294 1205 309 1228 ¹¹
318 1206 344 1245 Et
353 1206 421 1244 relictis
431 1205 467 1243 illis
476 1206 522 1244 abiit
531 1206 580 1244 foras

189 1277 243 1309 extra
251 1270 346 1310 ciuitatem
356 1270 483 1309 inbethaniam
492 1269 555 1320 ibique

189 1334 257 1373 mansit
266 1332 281 1356 ¹⁸
287 1346 341 1372 mane
350 1340 412 1372 autem
422 1340 517 1372 reuertens
526 1334 581 1387 inclui

189 1404 249 1436 tatem
259 1398 325 1436 essurit
332 1396 348 1420 ¹¹
354 1403 373 1436 et
382 1397 429 1435 uidit
437 1397 472 1436 feci
480 1398 565 1436 arborem
575 1409 600 1436 un

189 1475 220 1501 am
230 1474 283 1499 secus
292 1461 341 1500 uiam
351 1467 370 1500 et
379 1461 430 1499 uenit
439 1461 506 1499 adeam
516 1466 535 1499 et
543 1461 589 1499 nihil

191 1526 262 1565 inuenit
271 1525 313 1565 inea
322 1525 356 1564 nisi
365 1524 409 1564 folia
418 1530 492 1564 tentum
501 1530 520 1564 et
531 1525 557 1563 ait

190 1589 216 1626 illi
225 1601 329 1637 numquam
338 1594 383 1626 exte
392 1588 462 1625 fructus
471 1590 560 1625 nascatur·

191 1653 209 1691 in
218 1652 351 1703 sempiternum
360 1657 378 1690 et
388 1664 419 1690 are
428 1651 477 1691 facta
486 1656 515 1690 est
524 1652 575 1690 conti

191 1729 228 1756 nuo
237 1715 316 1756 ficulnea
324 1714 339 1739 ¹⁰
345 1722 364 1754 et
372 1715 458 1755 uidentes
467 1713 552 1765 discipuli
562 1718 608 1755 mira

192 1781 207 1820 ti
216 1787 259 1819 sunt
268 1782 351 1819 dicentes
360 1781 455 1830 quomodo
464 1780 551 1820 continuo
560 1793 571 1819 a

194 1843 230 1883 ruit
239 1844 317 1883 ficulnea
352 1843 366 1868 ¹¹
374 1845 498 1893 Respondens
507 1850 570 1882 autem
580 1844 608 1882 ihs

193 1907 220 1945 ait
229 1906 255 1944 eis
264 1920 318 1945 amen
328 1907 370 1945 dieo
378 1906 432 1945 uobis
440 1907 557 1946 sihabueritis
566 1907 603 1945 fide

193 1978 212 2011 et
221 1982 258 2009 non
267 1971 400 2010 aessitaueritis
409 1970 508 2010 nonsolum
518 1971 584 2009 deficul

193 2046 228 2073 nea
237 2034 309 2073 facietis
318 2034 351 2072 sed
359 2041 378 2072 et
386 2034 401 2072 si
410 2035 469 2074 monti
478 2035 520 2074 huic
529 2035 614 2074 dixeritis

193 2097 239 2137 tolle
248 2105 267 2137 te
276 2104 295 2136 et
303 2099 352 2136 iacta
361 2104 379 2136 te
388 2099 459 2137 inmare
468 2098 500 2137 fiet
532 2098 545 2151 s
551 2099 611 2137 oratio

194 2162 209 2185 ¹¹
215 2162 241 2202 Et
250 2163 312 2201 omnia
321 2176 368 2212 quae
377 2175 420 2201 cum
429 2176 465 2212 que
474 2160 564 2212 petieritis
574 2164 592 2201 in

193 2240 217 2266 ne
226 2226 322 2266 credentes
331 2226 426 2276 accipietis
434 2225 450 2249 ¹³
457 2227 483 2265 Et
492 2240 534 2265 curn
543 2227 624 2265 uenisset

103 2318 119 2338 11
131 2309 402 2350 galileaeefglquherforgulilaeae.
436 2311 487 2343 heriP
498 2311 577 2340 ERCior
586 2310 626 2340 dicit.
654 2310 720 2349 perficisri
730 2310 760 2340 dim

103 2366 119 2387 12
130 2360 184 2389 tenebat
190 2360 204 2388 R
210 2361 232 2389 ior
238 2358 303 2389 eiciebat.
438 2362 459 2392 ior
465 2361 542 2399 perfecisti.
595 2360 612 2390 18
622 2361 672 2391 essurit
678 2360 700 2390 ior
706 2361 760 2390 esuriit.

104 2414 120 2443 15
131 2406 212 2445 speluncam
218 2406 228 2437 lr
233 2416 248 2444 rq
254 2416 265 2442 μ
274 2407 303 2436 dim
313 2406 339 2436 her
348 2406 380 2436 DR
387 2406 409 2435 sor
458 2418 474 2447 19
484 2409 519 2438 uidit
526 2418 533 2439 e
539 2420 549 2446 μ
556 2408 585 2438 dim
591 2408 617 2437 her
623 2409 637 2438 D
643 2409 673 2447 QR
679 2408 701 2437 ior
707 2408 761 2438 uidens.

85 2453 171 2494 speluncam.
248 2463 265 2493 14
275 2454 304 2485 ceci
311 2455 329 2484 W
336 2454 358 2484 for
365 2453 408 2484 caeci.
465 2459 493 2489 feci
500 2459 518 2488 W
524 2458 546 2488 sor
552 2456 580 2487 nei.
608 2457 692 2489 uiamtete
700 2460 724 2496 gat
730 2458 749 2488 R.

107 2502 360 2542 15mirabililiaslipformirabilin.
386 2512 409 2531 os·
457 2505 761 2545 20÷fi0ulneaffflzr12quirnhergat

87 2549 219 2581 sannslorosanna
260 2549 409 2589 filiqufiliilaeber
438 2553 532 2593 Ὁρμὴ),

85 2597 100 2627 D
105 2598 117 2627 E
123 2599 134 2628 Z
141 2598 163 2628 sor
170 2599 205 2629 lilio.
458 2612 474 2633 21
485 2602 584 2633 aessitaneritis
591 2612 604 2640 rq
611 2602 632 2632 sor
638 2602 745 2633 haesitaremus.

106 2647 123 2675 rb
133 2647 181 2678 dicunt
188 2647 231 2688 besl
237 2659 246 2687 q
252 2648 283 2678 Iren
293 2652 317 2687 gat
327 2648 352 2678 her
358 2649 372 2677 D
378 2647 409 2685 EQ
440 2653 507 2682 t011e÷te
513 2651 603 2692 aefffglrss
613 2662 623 2687 μ
631 2651 664 2691 Aug
671 2651 696 2681 her
704 2655 729 2691 gat
737 2651 763 2681 dur

86 2694 250 2736 WTKvgiordicant.
275 2695 409 2737 dixitresffffiqq
438 2702 622 2741 qimDEFMQRTW
