1598 2809
8 117 150 168 -Mnm.xr.1]
210 121 263 156 THE
275 119 363 156 CELTIC
376 119 479 157 GOSPELS

118 214 181 241 eoram
191 207 244 252 patre
253 214 295 241 meo
304 202 336 251 qui
345 202 419 240 incaelis
427 207 456 240 est
485 200 499 255 s
505 215 553 253 nega

119 264 134 287 ³³
140 265 178 315 Qui
187 272 249 304 autem
259 266 355 316 negauerit
364 278 394 303 me
402 278 465 303 coram
474 266 563 304 hominib:

118 330 143 368 bo
152 336 171 367 et
180 341 216 379 ego
225 342 268 367 eum
278 341 340 367 coram
349 334 403 379 patre
412 341 454 367 meo
463 329 495 378 qui
504 329 554 368 incae

119 393 142 431 lis
151 398 180 431 est
214 390 230 414 ³4
236 392 301 431 Nolite
309 392 395 432 arbitrari
404 391 449 442 quia
457 392 541 430 uenerim

119 468 186 507 pacem
195 457 283 496 interram
293 458 368 496 mittere
377 462 404 496 est
413 456 494 495 nonueni
503 469 527 506 pa

118 532 159 559 cem
169 522 242 558 mittere
251 522 284 559 sed
294 521 378 571 gladium
387 520 402 542 ³⁵
409 521 451 558 ueni
461 521 511 558 enim
519 533 563 570 sepe

119 596 184 634 perare
193 584 288 623 hominem
297 584 386 623 aduersus
395 590 468 635 patrem

119 652 138 687 et
147 647 206 687 filiam
215 649 304 687 aduersus
313 654 393 687 matrem
402 661 454 686 suam
464 653 483 686 et
492 660 517 686 nu

119 724 160 750 rum
169 713 259 752 aduersus
268 725 342 751 socrum
350 725 403 751 suam
412 711 427 735 ³⁶
433 718 452 750 et
461 712 529 751 inimici

119 788 156 813 non
165 777 207 824 plus
216 788 273 824 quam
283 789 313 814 me
322 776 403 814 hominis
412 776 505 814 domistiei

120 838 159 877 eius
194 836 208 862 ³⁷
215 838 253 889 Qui
261 845 312 878 amat
321 845 395 889 patrem
404 845 433 878 est
442 851 472 878 me
481 840 549 888 dignus

120 908 139 941 et
148 902 179 953 qui
187 910 239 942 amat
248 903 307 942 tilium
317 908 350 942 aut
358 903 416 942 filiam
426 903 506 954 plusque

119 979 196 1006 menon
205 973 233 1006 est
242 981 271 1006 me
280 968 347 1018 dignus
356 967 370 990 ³⁸
377 974 396 1007 et
404 968 437 1018 qui
446 981 485 1006 non
493 968 562 1019 accipit

120 1042 193 1069 crucem
202 1044 255 1069 suam
265 1037 283 1070 et
292 1037 381 1081 sequatur
389 1044 419 1069 me
429 1044 466 1070 non
475 1037 504 1070 est

120 1106 151 1132 me
160 1095 228 1144 dignus
237 1093 251 1117 ³⁹
257 1095 289 1145 qui
298 1095 369 1132 inuenit
376 1095 460 1150 priimam
470 1107 523 1132 suam

62 1178 64 1180 ·
120 1157 186 1207 perdet
195 1157 246 1196 illam
255 1164 274 1197 et
282 1157 416 1208 quiperdiderit
426 1159 508 1197 animam

120 1233 173 1259 suam
182 1228 260 1272 propter
268 1234 298 1259 me
307 1221 389 1259 inueniet
398 1221 449 1259 illam
458 1220 474 1243 4⁰
479 1221 532 1271 quire

120 1285 165 1335 cipit
174 1298 207 1324 uos
217 1299 246 1323 me
255 1285 321 1335 recipit
330 1285 430 1336 quitecipit
439 1298 469 1323 me
478 1284 566 1335 recipiten

120 1349 184 1397 quime
193 1349 253 1387 missit
288 1347 303 1372 4¹
311 1349 349 1399 Qui
358 1350 424 1399 recipit
432 1348 525 1400 profetam
535 1349 578 1387 inno

121 1412 171 1450 mine
180 1413 252 1462 profete
261 1413 363 1452 mercidem
370 1413 452 1463 profetae
462 1413 521 1461 accipi

121 1482 139 1513 et
149 1481 168 1514 et
178 1477 277 1527 quirecipit
285 1477 354 1515 iustum
363 1476 457 1515 innomine
466 1476 508 1514 iusti
518 1488 558 1514 mer

121 1538 182 1577 cidem
191 1539 235 1577 iusti
243 1539 323 1591 accipiet
358 1537 374 1562 4²
381 1546 400 1578 et
408 1539 440 1590 qui
450 1552 492 1578 cum
501 1551 538 1589 que
547 1551 572 1590 po

121 1609 162 1641 tum
172 1604 244 1642 dederit
253 1604 285 1642 nni
294 1604 401 1643 exminimis
411 1604 450 1642 istis
460 1603 516 1641 calice

121 1679 181 1717 aquae
190 1667 257 1716 frigide
266 1674 340 1706 tantum
350 1668 445 1706 innomine
454 1666 500 1705 disci

121 1730 160 1781 puli
170 1744 224 1770 amen
233 1732 276 1770 dico
285 1731 339 1771 uobis
348 1732 451 1783 nonperdet
461 1743 500 1769 mer

122 1795 183 1833 cidem
194 1808 247 1833 suam
283 1793 323 1834 lEt
332 1796 401 1834 sactum
411 1802 439 1834 est
448 1808 491 1833 cum
499 1807 535 1833 con

122 1865 271 1899 consummasset
280 1859 309 1898 ihs
317 1872 374 1899 uerna
382 1860 428 1899 haec
436 1871 481 1910 prae
664 1863 687 1898 45

30 1972 46 2001 3²
57 1962 72 1992 in
79 1964 122 1993 caelis
128 1967 149 1993 est
153 1964 168 2002 J‘
171 1964 195 1993 her
202 1964 236 1992 ΕΙ)
242 1965 254 1993 Ε
259 1965 272 2002 Q
277 1964 290 1992 R
295 1966 306 1992 Σ
312 1965 334 1993 ior
364 1964 397 2005 plus
403 1974 446 2004 quam
452 1974 475 1994 me
481 1973 509 1993 non
516 1967 537 1993 est
543 1974 566 1994 me
572 1963 628 2002 dignus.

11 2014 32 2039 est
38 2011 52 2039 in
59 2011 107 2040 eneiis.
364 2012 391 2040 We
404 2012 441 2040 have
453 2012 487 2041 here
497 2010 568 2041 domistici
577 2010 599 2040 for
609 2010 688 2048 domestici,

30 2058 246 2096 33hominib2forhominibns.
271 2059 335 2090 incaelis
364 2060 512 2090 and-outmntrem.
538 2057 688 2098 plusquamabdfiql

11 2110 32 2136 est
33 2106 63 2146 fg1
70 2106 132 2136 herffE
137 2107 194 2145 QRior
200 2110 222 2137 est
228 2108 243 2137 in
250 2106 297 2137 caelis.
364 2107 388 2147 qu
394 2113 419 2146 gat
425 2107 450 2137 her
457 2105 532 2146 Boulogne
539 2107 553 2146 Q
560 2106 582 2136 ior
588 2117 635 2146 super.

30 2163 48 2193 54
62 2164 113 2194 pacem
126 2156 194 2184 interram
206 2155 263 2185 mittere
278 2160 299 2185 est
313 2156 335 2185 ior
384 2157 402 2194 38
411 2160 478 2195 sequatur
486 2156 535 2185 heret>
543 2159 568 2194 gat
576 2155 626 2194 DQR
635 2154 658 2183 for
667 2164 689 2184 se·

12 2204 77 2243 rripit.
365 2204 415 2244 quitur.

30 2261 47 2291 35
58 2252 148 2292 sepelperare
155 2252 176 2282 sor
183 2261 252 2292 separare.
271 2257 295 2291 gat
305 2262 335 2283 eor·
384 2262 402 2292 39
412 2253 452 2283 illam
459 2252 549 2293 (sommae
555 2251 621 2291 dffflqu
631 2250 658 2281 ΗΠ
664 2251 690 2282 her

11 2305 48 2330 reets
56 2310 120 2340 seperare
127 2304 142 2329 to
148 2301 173 2330 the
179 2300 247 2338 Vulgnte.
275 2311 335 2330 -snnm
364 2311 383 2339 vg
392 2302 414 2330 for
421 2311 457 2330 eam.

12 2347 109 2387 aiterpatrem
384 2357 402 2388 40
412 2347 462 2385 recipit
467 2357 490 2378 me
495 2346 571 2387 gatDHil
577 2346 598 2377 for
605 2356 628 2377 me
634 2346 689 2387 recipit.

31 2397 48 2434 36
55 2397 83 2426 and
90 2405 107 2435 37
118 2396 148 2427 Onr
154 2400 184 2427 text
190 2396 234 2436 gives,
243 2407 258 2426 ns
265 2397 276 2426 it
283 2396 304 2426 is:
393 2396 439 2426 missit
446 2396 471 2425 her
477 2400 503 2435 gat
510 2396 542 2425 DR
548 2396 570 2425 ior
576 2394 618 2425 misit,

253 2449 268 2474 et
273 2444 328 2475 inimici
385 2453 402 2483 41
413 2443 483 2483 profetam
490 2454 498 2483 q
505 2443 530 2473 her
536 2444 558 2473 ior
564 2442 654 2482 prophetam.

31 2493 107 2533 vnompim
114 2503 156 2533 quam
162 2503 189 2531 me,
196 2493 258 2523 hominis
265 2493 336 2523 domistiei
365 2493 420 2532 profete
426 2492 451 2521 her
457 2492 467 2521 k
473 2493 487 2521 D
493 2492 509 2521 ff
514 2492 527 2530 Q
532 2492 546 2520 R
552 2492 575 2521 for
582 2491 664 2530 prophetae.

30 2542 78 2572 eiuss.
90 2542 160 2580 Quiomat
165 2545 247 2580 patrempest
252 2550 275 2571 me
280 2541 335 2580 dignus.
384 2549 433 2579 41142
443 2539 519 2570 mercidem
533 2538 590 2578 (thriee)
603 2538 628 2570 her
641 2540 657 2569 ff
669 2541 691 2571 for

12 2596 59 2628 When
64 2597 160 2636 straightened
166 2602 192 2628 out
198 2597 210 2627 it
216 2597 265 2627 world
270 2597 304 2627 read
366 2588 449 2618 mercedem·

245 2645 317 2676 etjnjmjei
385 2635 691 2668 XI1eonbconsnmmassetsoreonsummas-

11 2684 73 2716 hominis
79 2686 152 2717 domistici
158 2687 192 2717 eius.
204 2686 275 2724 Qniamat
281 2690 336 2725 patrem
366 2691 390 2716 set.
413 2693 470 2717 ÷uerua
477 2685 533 2726 (uerba)
539 2685 574 2715 haec
581 2685 589 2715 b
592 2696 602 2723 μ
607 2686 649 2725 ἕως
655 2687 691 2725 QR.

344 2746 359 2775 D
