1598 2809
14 72 98 109 -Mne
107 82 162 109 mvn.
173 70 202 122 59]
219 72 270 108 Tun
283 72 370 110 cnunc
382 72 485 110 cosmus
552 55 554 57 ’
657 87 687 111 101

125 166 179 191 amus
188 154 274 191 anueniet
283 153 342 191 helias
351 154 432 192 liberans
441 167 484 193 eum

126 216 173 255 alius
182 222 245 255 autem
254 223 332 265 accepta
340 216 405 255 lancea
413 229 478 267 pupun

126 282 153 331 git
162 280 210 318 latus
219 280 258 318 eius
267 287 286 319 et
295 282 335 320 exit
344 293 393 331 aqua
402 287 421 320 et
430 283 505 332 sanguis

127 344 142 367 55
147 345 176 383 ihs
185 350 247 383 autem
257 346 324 383 iterum
333 345 421 385 clamauit
430 359 476 384 uoce
486 359 529 396 mag

127 422 151 448 na
160 408 231 448 emissit
239 413 282 459 sprn
300 408 314 431 55
321 409 346 447 Et
356 422 398 448 ecee
407 410 470 448 uelum
479 410 545 462 templi

128 475 196 512 scisum
206 479 234 512 est
243 474 309 512 induas
318 479 381 525 partes
391 487 477 513 asummo
486 488 508 514 us

129 552 165 586 que
174 538 260 575 deorsum
270 544 289 575 et
298 544 348 575 terra
357 546 409 576 mota
418 545 447 577 est
455 547 474 576 et
483 547 548 589 petrae

128 602 186 641 scisne
195 607 238 640 sunt
246 598 261 622 ⁵²
267 607 286 640 et
295 607 417 641 monumenta
425 609 490 652 aperta
498 615 520 641 su

128 672 150 705 nt
158 671 177 704 et
186 665 246 703 multa
257 678 336 714 corpora
344 670 418 704 scotum
427 667 519 716 quidormi

130 735 183 769 erunt
192 736 312 768 surrexerunt
321 728 359 768 ⁵3et
369 736 433 769 euntes
442 732 523 770 demonu

129 793 197 832 mentis
205 800 249 842 post
257 794 410 832 resurrectionem
420 794 459 832 eius
467 808 516 832 uene

130 861 173 894 runt
182 856 252 894 inseam
261 856 358 895 ciuitatem
367 863 386 894 et
394 865 488 908 apparunt

131 918 195 959 multis
230 918 246 942 55
252 918 340 958 Centorio
349 920 366 958 h*
375 926 393 959 et
402 921 477 972 quicum
487 935 510 961 eo
519 927 571 960 erant

131 985 257 1023 custodientes
266 984 304 1022 ihm
314 986 354 1023 uiso
363 991 422 1023 terrae
431 992 483 1024 motu
493 991 512 1024 et
520 986 549 1024 his

131 1061 178 1100 quae
188 1048 258 1087 fiebant
266 1047 368 1087 timuerunt
377 1049 433 1088 ualde
441 1049 524 1088 dicentes

131 1126 175 1152 uere
184 1113 203 1151 dt
212 1112 260 1151 filius
269 1118 309 1151 erat
318 1113 354 1152 iste
363 1111 378 1134 55
383 1119 436 1152 erant
445 1119 508 1153 autem
518 1114 543 1152 ibi

133 1176 203 1215 multae
212 1177 296 1228 uidentes
304 1177 371 1227 alonge
379 1189 427 1226 quae
436 1184 514 1228 sequtae

130 1247 184 1280 erant
193 1241 232 1278 ihm
241 1239 321 1289 agalilea
330 1240 454 1280 ministrantes
462 1242 479 1279 ei
489 1240 503 1262 55
509 1242 557 1280 inter

133 1317 179 1355 quas
188 1312 228 1342 erat
237 1304 296 1341 maria
305 1304 417 1353 magdalene
425 1310 444 1342 et
453 1306 511 1343 marin

133 1368 193 1407 iacobi
202 1374 221 1406 et
230 1367 295 1416 ioseph
304 1375 363 1405 mater
372 1367 532 1407 filiorumzebedei

134 1430 148 1454 55
154 1431 203 1471 Cum
212 1437 275 1469 autem
284 1444 326 1469 sero
335 1430 405 1469 factum
414 1439 464 1471 esset
473 1433 523 1471 uenit
533 1433 565 1482 qui

134 1497 178 1535 dam
187 1494 245 1533 homo
254 1494 306 1532 diues
315 1494 440 1533 abarimathia
450 1496 525 1534 nomine

134 1559 198 1610 ioseph
208 1559 240 1610 qui
249 1563 268 1596 et
277 1558 317 1610 ipse
326 1565 365 1598 erat
374 1560 475 1610 discipulus
484 1560 516 1599 ihu
526 1559 541 1583 55
547 1560 577 1599 hic

134 1625 212 1663 accessit
220 1624 323 1674 adpilatum
333 1630 351 1660 et
360 1625 428 1672 petiuit
436 1636 504 1673 corpus
513 1625 544 1661 ihu

134 1689 188 1727 Tunc
197 1687 266 1738 pilatus
274 1687 318 1725 iusit
327 1687 366 1726 dari
378 1700 444 1738 corpus
453 1686 468 1709 55
475 1694 493 1727 et
503 1700 545 1727 cum
554 1701 576 1728 ac

42 1762 61 1792 49
70 1752 117 1782 ueniet
129 1752 151 1781 ior
163 1751 214 1781 ueniat.
235 1750 276 1780 Aiter
285 1750 346 1780 liberans
394 1759 411 1790 53
422 1755 470 1780 euntes
476 1751 499 1780 ior
504 1755 574 1781 exeuntes.
604 1751 699 1790 appamnrior

25 1810 66 1831 eum:
80 1799 131 1830 ÷alius
141 1804 189 1830 autem
197 1802 255 1836 accepta
262 1797 311 1827 lancea
321 1807 347 1837 pu·
375 1803 473 1838 apparuerunt.

25 1849 75 1887 pungit
82 1847 119 1876 latus
127 1847 157 1876 eius
165 1851 179 1875 et
187 1846 217 1874 exit
223 1854 260 1884 aqua
267 1849 281 1874 et
290 1846 347 1884 sanguis
394 1855 412 1884 54
422 1848 486 1875 centono
495 1855 510 1890 ῃ
515 1847 559 1881 reditu
564 1847 589 1875 her
600 1846 622 1875 ior
631 1846 698 1876 centurio.

26 1893 347 1935 (QsangisffigetmnDEingQRdim
403 1893 501 1925 lriorautern.

27 1944 67 1974 Harl.
76 1952 112 1981 1023
118 1946 167 1982 petroc
173 1942 221 1973 Reme.
244 1941 257 1971 lt
273 1941 285 1970 is
297 1941 347 1971 absent
395 1951 412 1980 55
425 1941 506 1972 -mnlieres
513 1941 521 1971 b
528 1941 559 1981 (not
563 1941 625 1980 margin)
632 1941 667 1972 aiter
674 1941 699 1971 ibi.

25 1992 62 2022 nom
68 1991 89 2022 ab
88 1991 112 2032 fq
119 1992 147 2022 and
155 1989 196 2021 other
203 1990 239 2021 0.L.
246 1994 282 2020 texts
291 2000 306 2019 ns
315 1989 348 2020 well
408 1990 487 2023 *stridentes
493 1990 514 2021 ab
519 1991 581 2030 cdfffh
588 2000 615 2030 Μ
620 1990 663 2028 μάίω
668 1989 700 2020 DE

26 2039 246 2071 asiomhmnnfflarlrdoz.
265 2038 348 2078 Trnnserip-
376 2040 394 2069 R.
423 2043 480 2078 sequtae
488 2041 514 2069 her
523 2040 546 2069 ior
555 2043 615 2069 secutae.
647 2039 700 2078 galilee

27 2089 71 2119 tional
81 2089 147 2119 evidence
156 2089 168 2118 is
177 2088 192 2117 in
201 2089 220 2117 its
228 2088 282 2125 lavour,
290 2097 306 2116 as
315 2088 326 2117 it
336 2087 348 2116 is
376 2087 441 2127 afgffrq
446 2086 471 2117 her
475 2092 500 2126 gat
505 2088 520 2117 D
525 2088 538 2117 E
543 2088 560 2117 ff
565 2088 578 2118 R
583 2088 602 2117 W
609 2087 620 2117 C
628 2091 639 2117 Θ
646 2087 661 2117 Κ
667 2086 700 2116 OV

27 2137 71 2167 found
82 2137 97 2166 iu
112 2137 162 2167 Codex
174 2135 191 2173 ll,
204 2136 221 2173 B,
234 2135 262 2165 aud
278 2135 302 2165 the
318 2136 348 2165 best
376 2135 602 2176 forgalilaea(acanagalilen).

27 2184 74 2215 Greek
84 2185 126 2216 Mss.
146 2185 177 2214 The
185 2184 231 2214 words
238 2193 261 2214 are
270 2183 348 2221 expuneted
396 2184 414 2221 56
426 2184 632 2214 -etmaterheraitermaten
661 2183 700 2213 zebe·

27 2231 63 2269 inu,
78 2231 229 2263 Intn‘nsioalevidence
235 2232 247 2261 is
253 2231 309 2269 against
316 2231 327 2261 it
333 2240 348 2260 ns
378 2230 701 2270 deinfffglqruCEPRWiorzehedaei.

26 2288 45 2307 un
54 2279 147 2310 assimilatlon
154 2279 190 2308 from
199 2279 220 2308 St.
226 2278 268 2316 John.
288 2278 349 2309 Streeter
397 2286 414 2318 57
426 2285 473 2308 autem
488 2290 519 2309 sero
534 2279 701 2318 blgfflrnherDEQ

27 2326 349 2367 saysitiseasilyexplninableasuuattempt
378 2326 455 2357 RCTior
465 2336 496 2357 sero
506 2331 557 2357 autem.
583 2332 613 2356 eret
624 2326 702 2366 discipulus

27 2380 41 2405 at
47 2376 145 2415 hermouizing
151 2375 252 2405 Matthewand
259 2375 302 2414 John.
375 2375 452 2415 ffhetdlm
459 2377 480 2405 for
485 2375 562 2414 discipulus
568 2378 602 2404 ernt.

46 2431 65 2462 50
74 2424 142 2454 clamauit
154 2425 162 2451 δ
171 2424 193 2452 ior
201 2423 268 2453 clamans.
297 2422 350 2453 emissit
398 2425 415 2463 58
425 2424 476 2462 petiuit
482 2423 514 2463 (her
518 2433 533 2462 η
541 2423 582 2462 petit)
589 2423 612 2452 ior
617 2423 663 2461 petiit.
681 2423 702 2454 iu·

28 2472 72 2507 edim
77 2473 130 2509 hergat
135 2472 167 2502 DR
172 2471 194 2501 ior
199 2472 250 2502 emisit.
364 2476 369 2484 '
378 2474 397 2503 sit
402 2482 417 2512 νᾳ
421 2472 446 2501 her
452 2472 468 2501 ff
474 2473 496 2502 for
501 2472 546 2501 iussit.
575 2471 630 2510 derisi
635 2481 650 2512 rl
655 2472 703 2512 2ulier

47 2528 63 2558 51
74 2520 125 2550 seisum
129 2531 144 2559 η
148 2519 192 2557 uelim
197 2524 222 2559 gut
226 2519 288 2551 berun>
293 2520 324 2549 Ru
329 2519 350 2549 for
379 2521 408 2551 dim
415 2521 475 2558 gatDE
480 2520 511 2559 Qu
518 2520 540 2549 ior
546 2520 590 2550 reddi.

29 2569 92 2598 scissum.
106 2568 207 2608 scisaegnther
212 2569 263 2597 uun
270 2570 291 2596 ior
295 2570 350 2598 scissae.
398 2579 413 2608 η
418 2569 488 2598 cndstm
495 2570 511 2598 in
518 2570 539 2598 St.
545 2568 620 2598 Mattlrcw.

48 2624 64 2655 52
76 2617 156 2655 siorumior
161 2620 246 2648 sanctornm.
265 2616 351 2647 dormierunt
399 2626 416 2656 59
423 2619 437 2646 et
443 2625 476 2647 cum
482 2615 556 2655 accipisset
561 2615 668 2656 iosephcorpus
675 2616 704 2655 ihu¹

29 2662 52 2693 ior
58 2663 148 2695 dormierant.
379 2676 393 2704 μ,
401 2665 423 2696 for
429 2669 442 2695 et
449 2669 509 2704 accepto
515 2674 575 2705 corpore
582 2664 637 2705 ioseph.
